3270 5626
214 489 260 539 121
549 489 758 540 JOHANNIS
786 489 836 541 1111
863 489 1082 541 8οΗΕΡΕΥΑ

215 637 249 699 et
277 631 489 723 quandoque
515 638 697 724 percutere
724 632 913 716 subiectos,
943 655 988 700 ne
1016 631 1221 713 lasciuient,
1246 637 1280 699 et
1305 637 1405 699 teneat

215 746 371 815 medium
389 748 483 816 inter
500 748 649 816 nimiam
671 748 936 838 simplicitatem
956 755 991 816 et
1009 748 1159 816 nimiam
1180 748 1402 816 seueritatem.

420 1016 501 1072 xix.
530 1046 565 1056 -
593 1017 784 1087 [11111111.
814 1017 950 1072 nosci
976 1017 1025 1071 111
1053 1016 1219 1088 acano]

656 1207 744 1267 Alia
765 1207 811 1266 de
833 1175 972 1266 codem.

280 1388 432 1472 Arausa,
456 1388 596 1480 quando
616 1390 715 1458 venit
738 1389 859 1457 Musca
886 1389 1051 1457 intelam
1079 1412 1195 1473 suam,
1227 1390 1364 1458 fortiter
1380 1411 1408 1456 se

215 1503 383 1595 ex(i)erit,
400 1504 557 1573 Muscam
577 1505 669 1595 capit
689 1512 724 1573 et
742 1505 923 1573 interficit.
945 1503 1091 1585 Quando
1113 1527 1198 1573 vero
1216 1505 1344 1595 Vespa,
1364 1507 1407 1573 sel

216 1618 343 1702 Burdo,
360 1642 530 1710 magnum
545 1620 680 1689 faciens
697 1621 891 1710 [sonitum],
909 1622 1058 1703 venerit,
1074 1621 1216 1690 Aranea
1231 1644 1314 1691 cum
1328 1623 1408 1691 lesti-

214 1735 360 1803 nacione
380 1735 423 1804 ad
438 1735 596 1805 foramen
611 1735 713 1804 redit.

281 1849 338 1919 Sic
355 1851 480 1942 prelati
497 1852 533 1918 in
549 1873 722 1942 pauperes
737 1859 820 1920 sunt
839 1853 953 1921 seueri
973 1859 1009 1922 et
1025 1851 1190 1935 audaces,
1207 1850 1247 1920 in
1263 1859 1408 1942 potentes

215 1989 298 2035 vero
317 1968 519 2036 meticulosi
534 1974 570 2036 et
585 1966 772 2057 pacientes.

381 2234 445 2290 XX.
470 2264 507 2274 -
529 2234 704 2306 [VULPES
732 2235 931 2292 ESURIENS
958 2234 1007 2290 ΕΤ
1035 2234 1249 2306 GALLINAE]

586 2426 640 2483 ne
662 2425 833 2496 peccatis
851 2424 1053 2498 ypocrisis.

282 2624 428 2715 Vulpes,
441 2646 511 2692 vna
525 2631 628 2692 nocte
643 2627 802 2694 esuriens
817 2632 852 2694 et
866 2625 1001 2717 algens,
1013 2626 1111 2707 venit
1122 2625 1166 2694 ad
1177 2626 1402 2718 gallinarium,

215 2746 337 2829 potens
352 2747 390 2808 vt
404 2739 471 2807 sibi
487 2740 694 2830 aperiretur.
714 2740 756 2808 Et
768 2741 934 2809 dixerunt
949 2739 1085 2809 Galline
1100 2742 1112 2809 τ’
1125 2741 1205 2810 Non
1222 2743 1403 2832 aperiemus

215 2854 291 2939 tibi,
306 2856 391 2945 quia
400 2855 545 2923 inimica
560 2877 699 2946 semper
713 2856 812 2924 luisti
827 2855 941 2923 nobis.
955 2854 1149 2946 Respondit
1162 2855 1297 2946 Vulpes
1313 2877 1321 2922 :
1338 2856 1402 2923 loro

215 2971 326 3054 vohis,
350 2993 421 3037 non
440 2970 539 3038 vobis
565 2971 709 3038 nocebo.
734 2970 854 3038 Gallus
874 2976 908 3038 ct
928 2970 1064 3038 Gallina
1084 2973 1262 3062 aperiunt.
1287 2973 1400 3062 ingres

214 3108 344 3175 susque
370 3086 507 3175 quieuit
528 3093 561 3153 et
581 3087 748 3154 calefacta
770 3093 839 3169 est,
865 3086 1044 3177 oblitaque
1064 3087 1257 3155 iuramenti
1288 3095 1319 3155 el
1339 3108 1398 3176 pro

214 3201 395 3267 missionis
416 3224 490 3283 sue,
508 3200 635 3269 occidit
658 3225 762 3269 vnam
781 3201 967 3282 Gallinam,
986 3202 1228 3293 postmodum
1248 3204 1358 3282 aliam,
1373 3207 1397 3266 et

214 3316 264 3383 sic
285 3338 408 3383 omnes
423 3317 509 3383 alias
524 3316 691 3384 turbauit.

281 3431 378 3498 Tales
404 3438 486 3498 sunt
508 3432 650 3521 quidam
672 3455 855 3522 pauperes,
877 3434 937 3522 qui
962 3434 1108 3501 veniunt
1137 3433 1180 3501 ad
1210 3435 1390 3507 claustrum,

215 3569 287 3615 non
311 3553 348 3614 vt
370 3548 438 3615 Deo
461 3548 630 3629 seruient,
650 3554 702 3615 set
722 3555 758 3616 vt
780 3547 867 3615 bene
888 3549 1084 3615 vestiantur
1105 3556 1140 3617 el
1167 3557 1355 3640 pascantur,
1369 3549 1392 3609 al

214 3663 302 3730 alios
319 3662 536 3752 perturbent.

531 3933 605 3986 XXI.
634 3963 670 3972 -
701 3931 867 4002 [VULPES
898 3930 946 3984 ET
974 3931 1098 4000 otiis]

653 4122 742 4180 Alia
763 4121 808 4179 de
831 4121 969 4179 eodem.

284 4317 413 4405 Vulpes
432 4315 596 4406 cognouit
618 4313 709 4404 quod
735 4336 821 4402 grex
841 4313 969 4380 Ouium
991 4313 1039 4379 ita
1059 4311 1147 4380 beno
1170 4336 1207 4381 se
1227 4307 1393 4382 custodiuit

216 4431 306 4498 infra
326 4432 456 4498 limites
477 4454 558 4498 suos
578 4437 612 4497 et
632 4431 668 4496 in
690 4451 817 4496 canrrm
838 4426 1007 4509 custodia,
1030 4427 1120 4517 quod
1141 4429 1279 4497 nullam
1303 4423 1393 4520 poluit

215 4548 417 4636 contingere
428 4570 468 4613 ex
481 4548 543 4628 eis,
558 4554 591 4613 ot
606 4544 695 4611 dixit
710 4544 751 4611 ad
768 4544 941 4634 seipsum:
962 4541 1107 4611 induam
1119 4567 1174 4612 me
1191 4545 1282 4634 pelle
1292 4543 1391 4612 onina,
