3270 5626
292 514 444 568 ODONIS
470 516 522 568 DE
548 516 759 569 OERITONA
786 517 1031 571 PARABOLAE.
1218 525 1264 575 ³¹7

126 661 183 730 Sic
198 661 309 751 quiin
322 659 456 729 mundo
471 660 627 744 confidit,
644 684 726 730 cum
742 659 873 729 mundo
888 662 960 730 ruit
974 668 1009 730 ct
1023 662 1262 735 adomonibus

60 777 280 846 interficitur.

179 955 339 1011 CXXXVI.
363 987 400 996 -
428 956 479 1012 DE
506 956 677 1021 QUODAM
703 955 905 1012 EPISCOPO
935 957 1142 1014 stantuna

374 1052 423 1108 ΕΤ
453 1053 622 1119 QUODAM
653 1053 870 1109 SARACENO
895 1053 944 1126 (t).

124 1186 224 1255 Vnde
243 1185 388 1277 quidam
407 1185 591 1277 episcopus
613 1185 773 1255 Sardinia
799 1186 836 1254 in
856 1186 1092 1276 predicatione
1117 1190 1262 1259 interse-

58 1303 152 1372 ruit:
169 1301 238 1383 Qui
254 1302 438 1392 reliquerit
449 1301 607 1383 domum,
620 1308 681 1370 aut
695 1324 810 1394 agros,
822 1290 883 1370 dut
898 1303 1021 1371 uineas
1037 1312 1179 1395 propter
1190 1328 1259 1391 me,

57 1418 262 1508 centuplum
283 1418 442 1508 accipiet,
465 1424 530 1486 etc.
554 1418 654 1502 Quod
671 1439 752 1486 cum
771 1417 928 1487 audisset
947 1418 1090 1509 quidam
1111 1421 1263 1512 Sar(r)a-

56 1558 177 1619 oenus,
194 1539 273 1625 post
287 1556 486 1602 sermonem
502 1533 615 1602 adiuit
628 1534 842 1624 episcopum,
860 1534 980 1603 dicens
997 1535 1052 1604 :Si
1070 1558 1175 1626 super
1189 1561 1261 1606 ser-

56 1651 226 1741 mone(m)
255 1648 410 1740 predicto
440 1648 565 1718 feceris
593 1649 682 1717 mihi
715 1650 953 1733 securitatem,
983 1650 1132 1720 diuicias
1164 1675 1261 1722 meas

56 1764 270 1857 pauperihus
290 1764 500 1834 distribuam
524 1770 559 1833 et
577 1764 614 1832 in
630 1764 703 1833 uita
719 1770 839 1833 eterna
854 1765 1059 1855 centuplum
1080 1769 1258 1859 recipiam.

56 1882 252 1973 Episcopus
266 1903 352 1949 uero
367 1879 609 1949 fideiussorem
624 1902 660 1949 se
676 1879 782 1948 dedit.
796 1880 1037 1970 Sar(r)accnus
1048 1905 1131 1952 uero
1147 1882 1262 1975 bapti·

55 2004 153 2067 zatus
168 2003 233 2081 est,
249 2002 284 2065 et
297 1995 390 2065 bona
404 2019 467 2065 sua
479 1994 692 2088 pauperibus
707 1995 899 2078 distribuit,
914 1996 1057 2066 tandem
1073 2000 1169 2067 uiam
1185 2001 1262 2069 uni-

55 2136 157 2182 uersa
182 2113 299 2181 carnis
324 2113 504 2204 ingressus
530 2118 593 2181 est.
615 2112 866 2180 Verumtamen
889 2118 970 2180 ante
995 2120 1145 2182 mortem
1172 2114 1261 2184 dixit

55 2229 244 2320 episcopo:
266 2227 460 2298 Recordare
484 2227 612 2297 federis
633 2226 725 2319 quod
751 2249 889 2296 mecum
909 2229 1081 2320 pepegisti
1107 2229 1179 2319 (sic)
1200 2251 1207 2297 :
1230 2232 1259 2298 si

54 2345 143 2413 mihi
170 2343 338 2436 peccunia
361 2366 434 2412 non
457 2343 681 2433 centupletur
705 2348 968 2432 postmortem,
998 2344 1259 2434 equiualentem

54 2459 136 2528 tiliis
155 2458 244 2528 meis
264 2460 439 2528 restituas.
461 2457 563 2539 Quod
588 2459 762 2527 concessit
785 2459 982 2549 episcopus.
1008 2458 1091 2527 Post
1111 2465 1260 2529 mortem

54 2598 138 2645 uero
155 2575 229 2643 eius
244 2581 419 2644 uenerunt
436 2574 500 2642 filii
515 2573 591 2643 eius
606 2573 649 2642 ad
666 2574 880 2666 episcopum,
899 2580 932 2643 et
947 2573 1133 2665 pecuniam
1151 2577 1260 2666 patris

54 2693 229 2760 instanter
252 2690 530 2782 postulauerunt.
555 2690 747 2781 Episcopus
767 2712 864 2773 uero,
892 2691 1058 2781 ignorans
1078 2690 1161 2781 quid
1180 2715 1261 2783 age-

54 2816 116 2891 ret,
149 2806 193 2875 ad
219 2807 394 2875 orationes
422 2806 593 2897 confugit.
621 2804 786 2888 Tandem,
818 2805 968 2874 oonsilio
990 2805 1162 2874 diuinitus
1193 2806 1259 2875 im-

54 2929 201 3015 petrato,
229 2923 410 3012 episcopus
431 2921 531 2990 duxit
558 2921 649 2989 filios
678 2920 720 2988 ad
743 2920 944 3012 sepulcrum
965 2922 1086 3012 patris,
1115 2921 1258 3012 promit-

56 3046 130 3107 tens
162 3036 256 3129 quod
287 3037 337 3106 eis
363 3036 411 3106 ibi
440 3036 667 3106 satisfaceret.
697 3036 854 3127 Cumque
887 3037 971 3105 illuc
999 3038 1255 3127 peruenissent,

56 3162 174 3246 aperto
198 3153 391 3245 sarcofago,
417 3154 455 3222 in
478 3152 602 3221 dextra
626 3175 732 3220 manu
762 3153 893 3220 mortui
916 3153 1087 3221 cartulam
1112 3155 1259 3222 inuene-

55 3277 147 3353 mnt,
163 3292 270 3361 quam
285 3292 367 3338 cum
386 3269 521 3337 uellent
540 3268 605 3336 filii
626 3267 792 3358 recipere,
814 3268 905 3336 nulli
926 3268 996 3336 nisi
1021 3267 1085 3337 soli
1107 3269 1257 3337 antistiti

55 3393 214 3454 mortuus
228 3384 373 3453 dimisit.
386 3385 424 3453 ln
439 3383 505 3454 hae
515 3383 649 3452 cartula
666 3385 835 3474 scriptum
851 3391 925 3452 erat
940 3383 1034 3475 quod
1050 3385 1257 3475 centuplum

58 3501 123 3569 iam
148 3507 309 3569 mortuus
324 3508 512 3591 receperat,
530 3499 620 3568 sicut
642 3501 681 3567 in
702 3521 864 3567 sermone
885 3500 1071 3591 episcopus
1091 3499 1254 3590 predixit,

57 3623 86 3684 et
97 3617 294 3709 gratiarum
308 3616 464 3686 actiones
479 3616 631 3707 populus
646 3615 717 3684 Deo
733 3613 895 3698 reddidit,
914 3621 948 3683 ot
963 3616 1148 3705 episcopus
1165 3614 1254 3683 libe-

60 3740 151 3800 ratus
166 3736 230 3800 cst.

128 3920 306 3977 cxxrvn.
333 3951 369 3960 -
394 3921 445 3975 na
474 3920 646 3986 uuonan
672 3920 723 3974 nn
750 3918 1014 3975 susrnrmrun
1042 3919 1172 3973 nrrcro

360 4018 408 4074 nr
435 4017 638 4073 uraanrro
665 4017 715 4072 re
746 4017 871 4072 aureo
896 4017 944 4088 (2).

116 4152 368 4243 Vndequidam
385 4174 446 4220 rex
456 4149 632 4242 quondam
648 4172 837 4240 pauperem
852 4148 1068 4219 ethumilem
1083 4147 1127 4216 ad
1141 4146 1255 4238 digni-

62 4270 159 4335 tatem
185 4274 320 4336 tantam
351 4266 571 4348 sublimauit,
601 4265 696 4357 quod
729 4288 849 4334 curam
877 4263 1060 4333 cuiusdam
1091 4263 1191 4353 regni
1221 4263 1253 4330 oi

66 4383 240 4452 commisit.
263 4384 329 4467 Qui
348 4383 462 4452 iactus
477 4389 600 4473 potens
620 4382 785 4450 inimicos
804 4379 940 4448 domini
962 4380 1014 4448 sui
1037 4385 1159 4448 contra
1177 4379 1253 4446 eius

110 4535 145 4606 (t)
160 4536 252 4593 Heme
267 4551 399 4593 sermon.

110 4624 144 4696 (2)
160 4625 252 4682 hieme
264 4640 394 4683 sermon.
