3270 5626
362 497 408 548 38⁰
688 492 839 545 0120le
866 492 1039 547 rhenus
1070 491 1238 556 luntre,

361 637 574 730 patrimonia
595 658 659 705 sua
679 659 741 726 pro
760 637 872 726 patrie
887 636 1088 705 defensione
1104 657 1140 704 se
1156 633 1367 725 expendisse
1389 635 1469 704 ticte
1489 659 1562 727 pro-

361 758 539 835 testantes,
555 757 593 820 vt
612 773 655 819 ex
669 750 776 820 huius
789 752 906 820 colore
924 751 967 821 de
983 752 1058 819 suis
1073 749 1288 842 pauperibus
1307 750 1514 820 tenentibus
1532 758 1562 820 et

361 869 441 937 aliis
460 867 600 936 valeant
624 867 743 958 aliqua
763 876 981 959 extorquere.
1009 867 1097 959 (Fol.
1119 867 1174 958 18)
1191 865 1365 936 Similiter
1386 866 1509 957 prelati
1531 867 1564 935 in

361 981 638 1053 correctionibus
655 983 730 1051 suis
749 983 888 1074 alonge
905 982 1026 1052 vident
1041 989 1076 1051 et
1092 981 1253 1051 subditos
1275 1004 1359 1051 suos
1378 1005 1445 1073 pro
1463 983 1566 1051 mini-

362 1099 431 1167 mis
445 1099 559 1188 eulpis
573 1098 742 1166 infestant
759 1103 795 1166 et
808 1099 968 1190 pecunijs
986 1098 1214 1188 ex[s]poliant
1227 1120 1300 1167 non
1318 1099 1394 1167 zelo
1415 1097 1565 1181 iusticie,

361 1214 471 1282 immo
485 1235 605 1282 amore
620 1213 760 1281 Domini
774 1214 982 1304 mone[n]te,
995 1213 1082 1303 seht]
1099 1236 1182 1283 vere
1193 1214 1430 1305 propinquius
1444 1236 1484 1283 se
1497 1236 1567 1282 non

361 1328 493 1412 vident,
510 1336 545 1397 et
562 1328 699 1397 faciunt
711 1334 749 1396 vt
762 1329 908 1398 metrice
923 1327 1091 1397 scribitur
1108 1348 1117 1396 :

522 1507 638 1568 Prolati
653 1512 779 1569 temere
794 1506 932 1569 credunt
945 1507 1007 1569 sihi
1027 1511 1144 1569 cuncta
1158 1505 1273 1580 licere;

559 1612 667 1676 Credit
680 1614 768 1675 enim
781 1613 928 1694 cayphas
944 1631 1042 1676 omne
1055 1613 1180 1692 nephas
1195 1611 1262 1694 (ste)
1278 1613 1342 1676 sihi
1362 1614 1425 1676 fas.

360 1797 499 1890 Seipsos
525 1799 617 1867 male
642 1797 830 1888 dispositos
853 1821 925 1868 non
952 1797 1074 1867 vident
1100 1821 1166 1868 nec
1191 1798 1480 1889 com[m]ensales
1502 1798 1567 1868 sihi

362 1915 630 2005 propinquiores
641 1919 678 1982 et
690 1936 801 1995 caros,
812 1914 970 1984 moribus
981 1913 1148 1983 omnibus
1158 1913 1377 1998 inhonestos,
1385 1913 1564 2005 superbos,

361 2030 572 2114 luxuriosos,
591 2051 729 2112 auaros,
747 2029 902 2121 gulosos,
920 2029 1145 2113 detractores,
1162 2028 1356 2098 accidiosus
1368 2037 1406 2099 et
1420 2030 1565 2099 inomni

360 2151 462 2236 gestu
481 2145 658 2235 spirituali
683 2144 921 2235 indispositos,
944 2168 1017 2214 non
1039 2146 1281 2235 corripientes,
1306 2151 1362 2214 set
1380 2146 1500 2236 potius
1517 2146 1566 2214 ta-

360 2266 485 2329 uentes
504 2266 539 2329 et
558 2259 767 2344 nutrientes,
789 2261 907 2330 taliter
934 2259 1027 2329 bona
1052 2261 1290 2330 ecclesiastica
1315 2259 1442 2351 inique
1462 2262 1566 2331 deuo-

362 2384 496 2458 rantes;
514 2377 565 2444 sic
584 2375 797 2467 supplicium
822 2382 985 2444 eternum
1007 2375 1075 2445 sibi
1094 2375 1299 2467 adquirunt,
1315 2376 1403 2466 quia
1420 2398 1494 2445 non
1512 2400 1565 2445 su·

360 2492 463 2581 piunt
487 2512 555 2580 que
579 2490 643 2559 Dei
663 2497 757 2574 sunt,
785 2498 838 2559 set
863 2491 945 2560 talia
971 2498 1123 2575 terrena,
1145 2490 1342 2561 secundum
1368 2493 1565 2581 apostolum

360 2605 521 2688 Paulum,
543 2607 644 2698 quasi
659 2628 764 2675 canes
783 2606 879 2675 auidi
894 2607 1015 2676 omnia
1029 2606 1250 2676 deuorantes.
1269 2607 1370 2675 Tales
1387 2629 1473 2676 veno
1494 2613 1562 2676 tam

359 2719 493 2789 domini
509 2722 709 2811 spirituales
728 2744 834 2813 quam
847 2723 1070 2812 temporales,
1087 2722 1171 2791 licet
1183 2703 1297 2791 oculis
1311 2723 1491 2814 corporeis
1506 2745 1564 2814 per

359 2837 548 2906 scienciam
570 2843 605 2905 et
622 2842 828 2926 potestatem
852 2837 945 2905 clare
964 2837 1133 2907 dicuntur
1149 2836 1280 2920 ridere,
1305 2836 1563 2906 nichilominus

358 2953 590 3042 spiritualiter
604 2953 696 3020 oculi
713 2975 835 3020 eorum
850 2953 1111 3037 tenebrescunt,
1124 2975 1189 3021 nec
1204 2951 1326 3021 vident
1342 2952 1560 3043 spiritualem

359 3067 544 3135 inimicum
565 3067 744 3135 diabolum
768 3068 933 3136 latentem
958 3076 992 3136 et
1011 3069 1242 3149 inuisibilem,
1272 3069 1333 3158 qui
1357 3092 1466 3159 super
1485 3069 1561 3136 talia

359 3183 558 3250 transitoria
581 3184 678 3250 mille
702 3184 845 3273 laqueos
870 3185 969 3274 pouit
992 3183 1222 3273 deceptorios,
1251 3183 1382 3274 quibus
1409 3185 1560 3253 inuoluit

357 3299 584 3387 quamplures
605 3300 754 3366 miseros
776 3305 811 3367 et
830 3321 948 3367 secum
971 3299 1068 3366 ducit
1088 3299 1131 3367 ad
1151 3299 1294 3367 inferos.
1317 3300 1394 3380 Que
1421 3300 1558 3391 quidem

359 3413 514 3502 pericula
537 3413 643 3480 Ratus
664 3413 787 3494 euasit,
814 3414 878 3482 hoc
902 3421 954 3482 est
976 3437 983 3483 :
1002 3413 1163 3482 homines
1187 3414 1396 3504 simpliciter
1422 3424 1458 3484 et
1476 3422 1558 3483 recte

357 3528 529 3612 viuentes,
542 3529 655 3596 Deum
671 3531 849 3612 timentes,
868 3530 1026 3619 proximo
1041 3553 1113 3597 non
1126 3530 1349 3613 iniuriantes,
1362 3531 1461 3600 diem
1477 3554 1559 3599 mor-

356 3645 402 3712 tis
414 3667 552 3734 semper
566 3667 626 3734 pre
642 3645 754 3712 oculis
771 3645 951 3727 habentes,
967 3645 1008 3713 de
1020 3645 1178 3713 minimis
1188 3645 1254 3714 sihi
1269 3669 1290 3713 a
1305 3647 1377 3715 Deo
1391 3647 1485 3716 datis
1500 3647 1558 3737 ipsi

357 3761 481 3828 intime
496 3761 624 3845 gratias
645 3767 800 3850 agentes,
818 3760 1077 3850 ele[e]mosinas
1097 3767 1132 3828 et
1150 3762 1389 3851 penitenciam
1407 3770 1558 3854 agentes,

356 3874 457 3944 honis
478 3876 642 3966 operibus
663 3898 801 3965 semper
823 3877 1036 3956 insistentes,
1059 3877 1213 3967 perlecta
1232 3878 1379 3945 caritate
1400 3879 1474 3947 Deo
1494 3879 1560 3967 pla·

356 3999 485 4073 oenteS,
503 3993 539 4059 iu
559 4014 599 4059 eo
619 3991 766 4058 tirmiter
784 3989 976 4069 credentes
995 3991 1086 4059 bona
1106 3993 1161 4059 vel
1182 3993 1286 4074 mala,
1308 3991 1559 4062 tribulacioues

356 4112 417 4174 aut
442 4108 664 4174 infirmitates
687 4108 859 4196 patienter
883 4107 1111 4189 sustinentiae,
1139 4106 1420 4176 misericordiam
1445 4131 1559 4178 conse

358 4229 518 4312 quentes,
549 4224 668 4291 omnia
697 4222 852 4312 pericula
882 4221 969 4289 bene
994 4222 1160 4303 euadent;
1188 4224 1238 4290 sic
1259 4223 1407 4312 laqueos
1432 4223 1555 4293 diaboli

358 4337 581 4426 preuideutes
606 4344 640 4405 et
665 4361 700 4406 se
723 4338 912 4427 prudenter
937 4337 1054 4405 abeis
1078 4338 1327 4421 custodientes,
1357 4347 1393 4408 et
1416 4340 1505 4408 salui
1526 4344 1555 4404 et

359 4453 473 4534 liberi,
491 4452 533 4521 ad
549 4455 657 4521 vitam
680 4455 887 4543 perueniant
911 4454 1175 4543 sempiternam.
1198 4454 1370 4544 adquam
1394 4456 1553 4545 perducat

358 4568 449 4636 Deus
470 4570 555 4659 ipse.
577 4569 702 4636 Amen.
