3270 5626
478 493 627 547 onoma
652 495 704 547 DE
731 492 946 548 cnnl'rona
972 490 1157 543 FABULAE.
1370 499 1417 551 225

212 647 278 724 tes,
296 639 443 731 portarii
463 637 557 729 regis
575 638 632 706 uel
652 638 887 708 uice-comitis
907 639 1030 728 petunt
1048 656 1069 701 a
1090 657 1253 726 paupere,
1276 644 1311 706 et
1334 645 1418 710 tunc

214 760 329 847 potest
342 753 460 823 dicere
482 774 490 822 :
507 752 600 821 Deus
614 753 808 822 confundat
825 759 877 822 tot
890 751 1069 820 dominos!

487 1030 563 1086 LlV.
591 1059 624 1072 -
649 1030 700 1085 llll
726 1029 911 1086 Falcone
940 1029 987 1084 ΕΤ
1012 1027 1149 1083 lllLVO.

280 1211 506 1284 applicatur
526 1213 659 1271 coum
679 1211 856 1270 robustos
877 1223 1031 1281 corpore
1051 1209 1090 1269 et
1111 1211 1278 1270 audaces
1299 1208 1355 1289 (l).
1456 1271 1462 1279 ,

285 1421 390 1490 Falco
405 1421 516 1490 semel
530 1419 783 1511 cepitMiluum
797 1424 834 1487 et
847 1419 995 1487 firmiter
1009 1441 1091 1487 oum
1106 1441 1177 1487 uuo
1192 1418 1278 1509 poda
1294 1422 1419 1490 tenuit.

219 1534 259 1602 Et
274 1535 325 1602 ait
345 1533 449 1602 Falco
467 1556 475 1601 :
492 1533 608 1617 Miser,
626 1557 745 1603 nonno
761 1532 869 1602 habes
884 1539 956 1602 tam
970 1532 1100 1624 grande
1116 1557 1254 1626 corpus,
1271 1543 1424 1626 caputet

219 1657 374 1719 rostrum
393 1656 434 1717 ut
452 1672 529 1742 ego,
550 1650 656 1740 pedes
677 1657 712 1719 et
733 1672 871 1742 ungues
890 1650 940 1718 ita
957 1649 1090 1718 fortes?
1112 1650 1225 1732 Quare
1249 1654 1423 1742 permittis

219 1764 312 1856 quod
332 1766 382 1833 ita
397 1770 430 1834 te
443 1770 547 1834 teneo
567 1771 602 1834 et
615 1767 686 1834 cito
702 1765 933 1834 interficiam?
948 1763 1139 1855 Respondit
1152 1765 1283 1836 Miluus
1301 1792 1308 1834 :
1329 1767 1422 1837 Bene

219 1882 291 1950 scio
307 1880 401 1972 quod
417 1881 468 1949 ita
483 1903 561 1949 sum
580 1881 682 1950 fortis
697 1887 733 1950 et
750 1879 910 1948 membra
929 1879 1040 1949 habco
1056 1881 1105 1949 ita
1119 1881 1273 1966 robusta,
1291 1882 1350 1952 sed
1365 1906 1425 1952 cor

220 1996 308 2065 mihi
331 1995 460 2065 deficit.
566 1995 569 2003 '

285 2111 344 2179 Sic
363 2111 523 2204 plerique
539 2111 586 2180 ita
602 2116 685 2180 sunt
704 2110 839 2180 robusti
858 2117 899 2180 ut
912 2111 986 2194 alii,
1009 2112 1057 2179 ita
1076 2117 1245 2201 potentes,
1267 2115 1316 2182 ita
1335 2112 1425 2182 diui·

222 2232 272 2295 tes
293 2225 337 2295 ad
354 2248 526 2316 expensas
545 2226 740 2309 faciendas3
764 2226 910 2296 sednon
926 2225 1142 2296 habentcor.
1160 2226 1246 2296 ltem
1266 2229 1425 2320 plerique

222 2343 269 2410 ita
284 2347 435 2432 possunt
454 2342 625 2426 ieiunare,
643 2343 848 2432 asperitates
869 2341 1003 2411 ordinis
1023 2349 1143 2412 tenere
1165 2343 1256 2411 sicut
1270 2343 1348 2427 alii;
1366 2343 1426 2412 sed

222 2479 292 2526 non
314 2455 447 2526 habent
462 2480 533 2526 cor.

326 2733 416 2786 ΙΝ.
444 2761 480 2772 -
504 2733 554 2787 DE
580 2733 763 2789 MURlBUS
790 2734 837 2789 ET
864 2734 992 2801 callo
1018 2733 1066 2788 ET
1091 2733 1249 2789 CETERA
1275 2733 1324 2806 (t).

291 2938 344 3026 (Ρ.
359 2939 436 3019 508,
458 2939 548 3026 62.)
570 2936 687 3005 Muros
705 2936 906 3006 hahuerunt
930 2934 1038 3004 semel
1066 2937 1255 3004 consilium
1275 2937 1427 3027 qualiter

225 3077 257 3121 so
273 3077 292 3121 a
312 3053 400 3120 Galo
415 3057 558 3142 possent
572 3053 788 3142 premuniro.
807 3053 850 3120 Et
864 3054 914 3120 ait
932 3049 1076 3143 quidam
1091 3051 1169 3119 Mus
1189 3053 1327 3142 sapiens
1345 3074 1353 3120 :
1374 3052 1427 3121 Li-

226 3176 324 3257 gctur
343 3167 564 3256 campanella
582 3167 619 3234 in
634 3167 725 3236 collo
740 3167 826 3249 Cati,
848 3172 883 3235 et
897 3173 981 3235 tunc
1001 3169 1194 3257 poterimus
1210 3170 1325 3260 ipsum
1340 3194 1428 3262 quo·

227 3305 375 3373 cumque
392 3283 612 3372 perrexlerlit
630 3281 751 3350 audire
772 3288 807 3351 ot
822 3281 968 3350 insidias
981 3284 1057 3351 eius
1073 3306 1272 3373 procaucro.
1291 3286 1428 3354 Placuit

227 3398 390 3466 omnibus
402 3397 467 3466 hoc
481 3397 681 3466 consilium.
697 3396 740 3465 Et
759 3399 808 3464 ait
822 3396 899 3465 Mus
914 3420 1008 3465 unus
1026 3419 1033 3466 :
1051 3397 1137 3479 Quis
1152 3398 1277 3490 ligabit
1290 3423 1427 3491 campa·

227 3515 367 3582 uellam.
382 3514 419 3581 in
443 3513 533 3582 collo
562 3512 657 3581 Cati?
675 3510 867 3602 Respondit
887 3512 964 3581 Mus
990 3535 1108 3582 unus:
1131 3513 1229 3583 Certe
1256 3539 1326 3583 non
1349 3540 1424 3609 ego.

227 3629 416 3720 Respondit
439 3629 556 3697 alius:
577 3628 647 3697 Nec
667 3651 731 3719 ego
750 3651 812 3719 pro
837 3633 907 3695 toto
928 3628 1059 3698 mundo
1080 3631 1112 3698 ei
1128 3632 1268 3699 uellam
1290 3638 1426 3700 tantum

228 3747 520 3837 appropinquare.
646 3725 649 3730 λ

288 3864 348 3931 Sic
364 3860 572 3953 plerumque
592 3859 765 3949 contingit
784 3858 876 3948 quod
899 3859 1031 3938 clerici,
1053 3859 1216 3928 monachi
1237 3861 1427 3948 insurgunt

227 3985 346 4047 contra
364 3977 581 4067 episcopum,
603 3975 769 4066 priorem,
793 3973 850 4042 uel
876 3972 1050 4058 abbatom,
1076 3975 1232 4044 dicentes
1254 3997 1262 4044 ε
1284 3975 1427 4069 Vtinam

229 4099 315 4162 esset
334 4092 417 4160 talis
442 4097 592 4173 amotus,
614 4096 648 4159 ot
663 4090 773 4157 alium
793 4091 995 4179 episcopum
1016 4091 1073 4158 ucl
1097 4089 1257 4159 abbatem
1282 4090 1427 4160 habere-

277 4312 315 4380 66)
333 4311 364 4364 r.
380 4312 425 4373 66,
444 4307 498 4362 as.
514 4311 559 4374 66,
576 4307 608 4360 ν.
627 4308 669 4371 ra,
688 4306 719 4360 c.
737 4307 764 4370 6,
787 4295 844 4359 nn.
864 4306 890 4370 6,
907 4305 963 4358 nu.
985 4308 1029 4367 66,
1050 4307 1109 4359 un.
1132 4310 1158 4373 5,
1181 4308 1237 4360 ss.
1259 4310 1304 4373 26,
1321 4308 1375 4361 ΑΒ.
1397 4309 1424 4375 6,

230 4392 1098 4463 ammmmmffimmmmmmm

277 4486 313 4557 (2)
332 4489 363 4541 r.
381 4489 426 4549 57,
441 4484 493 4539 as.
509 4486 553 4551 62,
570 4485 602 4538 a.
619 4485 664 4548 22,
681 4482 739 4536 ua.
754 4483 799 4547 62,
811 4482 870 4536 un.
885 4483 929 4547 66,
940 4483 997 4535 aa.
1009 4483 1054 4550 22,
1071 4484 1125 4537 ΑΒ.
1141 4483 1186 4552 aa,
1199 4484 1232 4538 H.
1249 4486 1294 4552 aa,
1311 4485 1367 4539 na.
1380 4488 1425 4549 66,

234 4574 280 4629 oc.
296 4579 341 4643 62,
355 4577 411 4630 cs.
427 4573 487 4639 ar,
503 4573 555 4627 cn.
572 4575 617 4640 57,
633 4572 690 4626 an.
707 4571 751 4626 66.

1274 4691 1302 4738 15
