3270 5626
346 471 402 520 au
613 468 764 521 ODONIS
791 469 841 521 DE
871 468 1080 520 CERl'l'ONA
1106 467 1293 521 FABULAE.

356 614 425 681 rari
447 636 518 681 non
540 614 665 704 potuit,
683 619 716 681 et
734 614 891 683 auolauit
912 612 1058 683 dicens:
1079 612 1190 703 Magis
1211 612 1295 681 uolo
1316 633 1425 700 super
1450 609 1553 679 duros

356 751 472 797 ramos
488 728 613 797 saltare
628 752 734 820 quam
750 731 787 797 in
802 729 864 798 tali
880 729 989 798 fetore
1003 728 1195 818 quiescere.

423 845 546 935 Vpupa
560 868 629 936 que
645 847 682 912 in
698 844 909 914 stercoribus
925 844 1082 912 nidificat
1097 844 1158 934 (et)
1179 842 1354 934 significat
1368 841 1554 910 mulierem

354 961 594 1044 fornicariam,
627 960 852 1031 domicellum
893 962 1127 1044 luxuriosum,
1165 960 1226 1048 qui
1260 956 1554 1050 quandocumque

355 1073 488 1144 habent
509 1076 615 1145 lectos
639 1083 780 1145 ornatos
799 1084 834 1145 ct
852 1099 981 1146 suaues
1000 1098 1080 1144 cum
1102 1081 1254 1143 stercore
1268 1075 1371 1164 culpe
1390 1071 1555 1141 fetidissi-

354 1213 441 1259 mos.
461 1191 656 1261 Philomela
672 1193 846 1283 significat
860 1193 1041 1284 religiosos
1057 1213 1162 1280 super
1175 1189 1281 1258 duros
1301 1211 1430 1270 ramos,
1451 1187 1485 1255 id
1504 1195 1553 1255 est

354 1309 576 1376 austeritates
596 1309 777 1400 religionis
793 1306 990 1377 habitantes
1010 1314 1045 1375 et
1060 1307 1170 1375 Deum
1188 1307 1224 1373 in
1239 1303 1356 1373 choris
1370 1305 1554 1372 nocturnis

355 1422 549 1491 laudantes.
572 1424 629 1490 Hii
649 1425 762 1514 magis
780 1424 917 1514 eligunt
930 1446 1037 1513 super
1050 1423 1138 1491 tales
1157 1444 1273 1491 ramos
1286 1420 1393 1488 salire
1409 1426 1446 1487 et
1460 1420 1554 1487 exul·

355 1544 428 1607 tare
444 1561 549 1629 quam
566 1540 602 1606 in
618 1540 726 1607 fetore
747 1540 886 1607 luxurie
906 1544 1200 1630 computrescere,
1216 1539 1308 1605 sicut
1321 1534 1365 1604 de
1380 1534 1553 1603 monacho

355 1652 576 1722 Cluniacensi
600 1655 748 1745 contigit
766 1655 813 1743 (p.
826 1655 902 1738 502,
924 1655 1012 1744 cl).
1035 1654 1061 1722 E
1079 1654 1198 1743 [enim]
1226 1651 1365 1742 hospita
1386 1651 1488 1719 uenit
1512 1650 1552 1718 de

355 1774 455 1836 nocte
478 1768 522 1836 ad
548 1770 676 1858 ipsum,
700 1793 826 1860 rogans
845 1769 938 1861 quod
960 1793 1034 1838 rem
1055 1791 1174 1837 secum
1199 1766 1354 1836 haberet.
1377 1765 1447 1847 Qui
1471 1767 1520 1833 ait
1544 1787 1551 1832 ε

355 1883 485 1951 Venias
513 1885 621 1975 igitur
648 1884 691 1953 ad
718 1885 812 1953 hunc
834 1886 965 1953 locum.
987 1884 1028 1953 Et
1054 1885 1172 1975 posuit
1192 1905 1229 1951 se
1253 1904 1359 1972 super
1384 1880 1553 1950 carbones

355 1999 475 2080 uiuos;
494 2007 529 2067 et
547 1999 609 2069 illa
628 1999 746 2068 uerbis
762 2002 840 2069 nisa
859 2008 912 2069 est
931 2002 1047 2090 ipsum
1062 1999 1256 2068 extrahere.
1273 1996 1342 2066 Sed
1360 1997 1423 2066 ille
1442 1997 1552 2065 noluit

355 2115 451 2182 exire
466 2114 586 2183 dicens
604 2137 612 2184 ι
630 2116 693 2184 Hic
708 2118 879 2184 faciamus
894 2115 986 2207 qnod
1006 2115 1194 2184 desideras.
1211 2113 1340 2196 hbbas,
1362 2112 1455 2181 banc
1474 2134 1552 2179 con·

355 2231 555 2298 tencionem
574 2231 711 2315 uidens,
729 2233 860 2323 incepit
874 2255 920 2300 xv
930 2232 1087 2300 Psalmos
1103 2230 1158 2299 Ad
1169 2229 1427 2317 Dominumlll.
1439 2225 1552 2295 Abbas

355 2352 485 2426 autem,
504 2369 584 2414 cum
598 2347 773 2417 laboraret
787 2349 825 2416 in
840 2349 1008 2416 extremis
1021 2353 1058 2415 ot
1073 2352 1280 2438 quereretur
1299 2344 1343 2413 ab
1362 2366 1405 2412 eo
1428 2343 1470 2412 de
1485 2365 1552 2433 quo

355 2461 554 2530 consuleret
568 2462 661 2552 quod
676 2463 773 2531 ficret
787 2462 893 2531 abbas
909 2469 987 2554 post
1001 2462 1116 2544 illum,
1134 2460 1315 2552 respondit
1330 2482 1338 2529 ε
1352 2459 1420 2542 Qui
1436 2459 1503 2527 fuit
1517 2459 1551 2524 in

355 2577 438 2668 igne
453 2583 568 2646 etnon
584 2578 864 2647 comburebatur.
877 2578 951 2659 Que
967 2577 1073 2646 verba
1088 2577 1271 2645 audientes
1285 2577 1386 2666 quasi
1401 2573 1551 2644 delirum

356 2692 576 2781 reputabant.
601 2693 753 2762 Tandem
781 2694 943 2786 exposuit
968 2686 1019 2762 eis
1044 2693 1086 2761 de
1111 2691 1283 2761 monacho
1307 2690 1477 2782 predicto.
1498 2691 1551 2758 Sic

355 2809 502 2899 contigit
517 2811 553 2876 in
569 2808 692 2877 diebus
707 2811 837 2878 nostris
852 2809 894 2877 de
910 2808 1061 2900 quodam
1076 2809 1180 2877 fratre
1194 2805 1411 2897 predicatore
1427 2808 1465 2875 in
1476 2806 1552 2874 llis·

355 2924 638 3014 pania:qucdam
650 2924 779 2993 mulier
792 2924 881 2992 dixit
893 2923 1414 3015 quodseinterliciet,nisicnm
1427 2944 1468 2990 ea
1480 2944 1551 2988 rom

355 3038 511 3121 haberet,
530 3047 565 3107 et
580 3040 638 3107 illo
655 3041 770 3108 locum
786 3041 1025 3131 assignauitet
1036 3062 1203 3130 magnum
1214 3060 1331 3129 regem
1345 3039 1551 3105 acclamauil

357 3154 402 3242 (2)
421 3160 455 3220 ct
474 3156 569 3222 intus
589 3179 625 3223 se
646 3157 774 3245 posuit,
792 3164 826 3223 ot
844 3154 984 3223 mulieri
1001 3155 1090 3222 dixit
1103 3154 1195 3244 quod
1212 3156 1330 3244 ignem
1346 3154 1508 3229 intraret,
1526 3153 1552 3216 si

354 3269 463 3335 uellet
486 3292 604 3337 seeum
624 3269 766 3339 delicias
789 3271 946 3360 implere.
960 3270 1002 3338 Et
1021 3271 1071 3338 sic
1087 3270 1214 3338 mulier
1232 3270 1378 3337 contusa
1399 3270 1551 3337 recessit.

398 3519 505 3572 xullr.
531 3550 564 3557 -
591 3521 640 3573 DE
670 3520 958 3574 SlltPl.lClTA'lE
986 3521 1245 3589 solvuxrlubl
1275 3521 1437 3576 CENSUll
1464 3521 1511 3587 (al.

420 3703 571 3784 Quidam
599 3706 789 3795 simplices,
818 3713 859 3773 ut
885 3706 1026 3788 dieitur,
1049 3707 1217 3775 Vt'illebei
1244 3710 1389 3776 luerunt
1417 3709 1459 3776 ad
1491 3717 1553 3776 ter-

355 3820 495 3886 minum
520 3843 588 3910 quo
611 3820 809 3888 debuerunt
828 3822 966 3888 soluere
986 3822 1142 3890 redditus
1165 3822 1320 3906 domino,
1343 3831 1377 3892 ot
1402 3848 1473 3892 non
1497 3826 1552 3892 ha·

361 3934 513 4001 buerunt
543 3937 714 4003 nuncium
739 3937 799 4026 qui
828 3937 877 4003 ita
906 3937 974 4004 cito
1005 3945 1123 4026 posset
1154 3940 1340 4027 negocium
1373 3962 1549 4031 peragere.

354 4049 529 4118 Dixerunt
544 4050 585 4118 ad
607 4052 785 4119 inuicem:
813 4051 904 4132 Quid
921 4031 1103 4135 faciemus,
1121 4054 1213 4144 quod
1240 4055 1413 4122 terminus
1438 4056 1552 4124 adest?

404 4192 441 4264 (l)
459 4193 510 4248 Les
525 4194 629 4264 quinze
643 4196 783 4249 Psaumes
796 4195 868 4249 dont
880 4193 901 4249 il
913 4195 996 4266 s'agit
1007 4195 1055 4265 ici,
1067 4202 1134 4251 sont
1144 4213 1217 4252 ceux
1231 4198 1292 4268 qui,
1304 4207 1500 4269 comprenant
1513 4198 1550 4253 les·

350 4281 497 4351 chapitres
512 4298 573 4336 cxix
588 4282 605 4336 d
619 4299 729 4350 cxxxiii,
747 4288 918 4354 composent
934 4283 960 4338 le
975 4285 1119 4339 Canticum
1136 4285 1283 4354 ‹Ji-acuum.

403 4370 438 4440 (2)
453 4373 496 4425 Au
505 4370 564 4426 lieu
573 4372 608 4427 de
617 4388 664 4427 ces
676 4373 752 4428 deux
765 4377 841 4428 mets
850 4371 868 4426 il
879 4372 1015 4435 faudrait,
1023 4390 1138 4429 comme
1149 4375 1224 4430 dans
1235 4376 1281 4430 uu
1292 4393 1298 4429 τ
1309 4392 1408 4446 roqum
1417 4378 1547 4432 (recendit.

403 4458 441 4529 (3)
459 4460 490 4512 P.
507 4462 552 4526 43,
570 4461 621 4516 As.
635 4461 680 4527 47,
697 4463 728 4515 G.
743 4463 787 4528 24,
799 4462 857 4515 ΜΒ.
873 4463 918 4529 la,
930 4462 987 4516 llC.
1005 4465 1048 4530 51,
1063 4464 1122 4517 Mo.
1134 4466 1177 4531 53,
1195 4467 1250 4519 ΛΑ.
1265 4468 1292 4533 6,
1305 4465 1361 4520 ΑΒ.
1378 4469 1425 4532 30,
1440 4447 1546 4522 hefft.

350 4546 406 4600 llll.
424 4549 449 4612 3,
466 4549 519 4601 CA.
537 4551 580 4603 42.
1244 4564 1248 4571 ·
