3270 5626
223 485 268 535 ui
560 473 697 538 druna
725 483 804 539 sun
828 466 905 534 aias
932 481 1094 533 rascas

223 648 292 689 nem
309 645 369 687 snae
389 626 475 684 iaciei
495 627 552 683 sibi
570 625 764 698 relinqueret.
780 626 925 701 Dominus
941 632 1042 683 antem
1059 640 1192 698 pannum
1208 622 1325 685 lineum
1343 643 1430 702 saper

224 721 330 777 taciem
348 731 432 774 snam
448 715 608 787 impressit,
627 721 657 770 et
673 715 825 772 veronica)
840 730 973 788 pannum
991 713 1127 770 exhibuit
1140 730 1147 769 :
1162 715 1216 772 sed
1232 716 1334 774 verius
1346 718 1430 775 credo

225 808 305 881 qnod
319 806 357 863 ad
375 803 603 861 similitudinem
620 803 686 859 lesu
701 803 798 860 adhuc
817 803 945 860 vinantis
961 802 1103 875 praedicta
1116 801 1226 860 mulier
1244 802 1354 863 faciem
1371 806 1431 862 aius

226 894 359 954 intelam
374 892 517 965 depinxit.
530 892 611 948 l'nde
624 891 768 964 Tyberius
778 888 926 965 Angustus
938 890 1014 947 hanc
1024 889 1184 965 imaginem
1197 892 1347 965 aspiciens
1357 895 1431 950 ceci·
1457 950 1461 961 ,

226 985 270 1043 dit
282 984 313 1040 in
328 988 438 1039 terram
452 986 482 1036 et
496 996 564 1036 cnm
581 986 712 1036 tremore
727 984 757 1036 et
769 978 929 1052 lachrymis
943 978 1079 1037 adorauit
1092 995 1170 1049 eam,
1186 986 1217 1037 et
1230 981 1335 1039 statim
1349 998 1428 1039 sana·

227 1080 275 1131 tns
286 1077 332 1129 est
346 1069 495 1144 alangore
508 1075 537 1125 et
552 1067 673 1124 vulnere
685 1068 766 1140 qnod
780 1068 958 1125 intrinsecus
971 1083 1076 1141 passus
1087 1074 1143 1125 est.

279 1161 326 1219 Sic
340 1165 373 1217 tu
392 1159 423 1215 in
442 1156 535 1214 tutela
554 1157 778 1239 castitatiseam
797 1157 829 1213 in
847 1157 935 1214 corde
953 1156 1103 1231 depingas,
1122 1162 1153 1214 et
1163 1158 1257 1215 animi
1275 1160 1427 1232 passiones

226 1250 348 1325 iugabit.
601 1293 604 1297 .
838 1288 848 1307 .

279 1337 340 1395 Fol.
354 1335 421 1393 Ου’.
435 1334 607 1400 —Quidam
622 1332 797 1390 domicellus
815 1334 933 1390 beatam
951 1333 1094 1407 virginem
1114 1334 1308 1392 deuotissimae
1324 1335 1425 1393 dilexit

225 1434 256 1486 et
267 1424 389 1501 singulis
400 1423 503 1482 diebus
514 1422 602 1478 horas
611 1421 676 1478 eius
685 1420 839 1495 psallebat.
851 1423 992 1478 Parentes
1001 1421 1066 1479 eius
1075 1422 1173 1494 ipsum
1184 1438 1308 1480 rnorem
1319 1423 1424 1481 ducere

225 1513 442 1588 compulerunt,
459 1527 526 1567 cnm
542 1511 632 1566 vitam
647 1516 758 1566 castam
770 1509 870 1583 potins
882 1508 1026 1584 elegisset.
1041 1510 1168 1568 Prandio
1179 1502 1355 1584 nuptiarum
1366 1513 1424 1569 iam

225 1610 338 1679 parata,
357 1617 425 1658 cum
442 1614 567 1672 sponsus
586 1614 693 1656 manus
713 1612 782 1654 snas
800 1598 923 1654 deberet
943 1597 1075 1666 abluere,
1092 1599 1266 1657 recordatus
1284 1602 1425 1673 estquod

227 1695 314 1749 horas
331 1690 426 1746 beatis
442 1687 564 1761 virginis
579 1703 640 1743 non
658 1685 853 1759 compleuerit
869 1692 900 1743 at
919 1687 995 1744 dixit
1010 1703 1043 1743 se
1059 1692 1196 1760 oportere
1214 1688 1254 1745 ad
1268 1687 1423 1747 ecclesiam

226 1795 358 1854 pergere,
376 1782 407 1832 vt
425 1774 558 1832 debitum
577 1775 663 1844 beate
679 1774 783 1849 virgini
802 1773 942 1832 solueret.
960 1775 1055 1832 Amici
1067 1775 1132 1835 aius
1150 1775 1270 1834 inuitati
1287 1777 1425 1835 dixerunt

227 1866 396 1925 huiusmodi
411 1864 500 1920 verba
516 1880 523 1917 :
536 1863 599 1919 lion
614 1879 678 1919 esse
694 1862 872 1919 nubentium
890 1862 978 1919 horas
992 1863 1105 1933 dicere3
1119 1870 1219 1921 tamen
1236 1865 1310 1937 ipsis
1323 1864 1425 1924 nolen-

227 1957 307 2014 tibus
319 1955 356 2012 ad
371 1952 525 2010 ecclesiam
541 1951 672 2023 perrexit
686 1949 780 2018 solus;
795 1965 884 2022 quam
897 1967 965 2007 cum
980 1951 1129 2021 intrasset,
1145 1952 1230 2009 iuxta
1245 1951 1339 2011 altare
1354 1955 1425 2011 ridit

227 2046 378 2104 dominam
398 2040 629 2115 pulcherrimam
644 2039 828 2096 ornamentis
844 2039 1070 2117 preciosissimis
1087 2047 1117 2096 et
1130 2040 1289 2098 odoriferis
1305 2042 1426 2100 decora-

227 2142 299 2192 tam.
317 2129 496 2189 Domicellns
510 2145 579 2185 vero
596 2128 756 2184 exterritus
775 2127 939 2196 obmutuit;
955 2129 1002 2184 oni
1021 2129 1062 2185 ait
1080 2129 1219 2186 domina:
1235 2130 1349 2200 Amice,
1365 2148 1426 2187 ras·

226 2224 291 2296 pice
303 2223 328 2278 si
342 2235 474 2292 unquam
487 2223 548 2274 tarn
561 2215 726 2289 pulchram,
739 2220 800 2273 tarn
814 2216 967 2273 decentem
980 2217 1093 2285 vidisti;
1104 2217 1205 2291 qui[a],
1216 2219 1241 2275 si
1255 2220 1332 2276 mibi
1346 2221 1425 2276 simi·

226 2312 285 2369 lem
302 2309 409 2376 vidisti,
430 2305 505 2364 nihil
524 2322 625 2362 moror
644 2305 716 2376 quin
739 2303 828 2361 aliam
850 2304 950 2378 eligas.
972 2306 1133 2378 llespondit
1150 2323 1247 2380 puer:
1266 2308 1423 2381 Nunquam

225 2401 283 2457 vidi
306 2399 361 2455 tibi
378 2393 562 2454 consimilem
585 2394 615 2450 in
636 2392 871 2466 pulchritudine3
889 2399 919 2448 et
939 2393 981 2450 ait
999 2394 1119 2452 domina
1132 2410 1140 2450 ι
1155 2395 1251 2462 Quare
1269 2396 1362 2470 igitar
1377 2414 1424 2454 me

225 2488 362 2546 dimisisti
375 2493 404 2543 et
416 2484 505 2541 aliam
518 2498 654 2554 sponsam
670 2480 846 2538 duxistilht
858 2481 995 2554 quaesiuit
1007 2497 1082 2555 puer
1092 2500 1099 2539 :
1108 2483 1244 2553 Dormna,
1253 2500 1322 2557 qum
1332 2501 1365 2542 es
1374 2485 1424 2543 tui

224 2576 385 2649 Respondit
398 2592 405 2630 :
416 2576 475 2647 ligo
490 2589 555 2628 snm
568 2578 664 2627 mater
678 2570 731 2627 lilii
744 2571 801 2627 dei.
816 2572 851 2626 lit
865 2571 906 2626 nit
916 2570 1111 2628 Domicellns:
1124 2572 1284 2645 Nunquam
1297 2579 1327 2631 te
1342 2557 1423 2632 dere

224 2666 357 2738 linquam
376 2679 431 2719 nec
450 2661 537 2717 aliam
558 2676 646 2732 snper
665 2665 694 2716 te
713 2659 862 2716 inducam.
882 2661 918 2715 Et
937 2675 1012 2732 puer
1034 2660 1156 2717 domum
1175 2677 1318 2719 reuersus
1335 2678 1423 2736 spon·

224 2771 287 2812 sam
303 2753 424 2817 dimisit,
437 2756 466 2806 et
481 2749 573 2805 beatas
588 2747 693 2821 virgini
709 2748 739 2804 in
756 2749 890 2804 castitate
901 2753 931 2804 et
944 2755 1046 2805 sancta
1059 2748 1217 2807 dilectione
1231 2751 1422 2808 deuotissimc

225 2843 376 2899 militauit.

490 3019 752 3075 reinmarus
781 3019 908 3075 arabas
941 3032 984 3077 nu
1016 3003 1155 3077 sannas

410 3139 474 3184 sun
505 3121 757 3181 a’assourrros
789 3136 831 3180 na
861 3136 902 3181 aa
932 3137 1061 3182 saturn
1091 3138 1233 3183 vinnon.

278 3326 337 3383 l'ol.
361 3325 451 3380 cair.
473 3322 649 3387 -Quidam
670 3336 759 3375 senex
781 3321 852 3376 vidit
874 3321 995 3377 fratrem
1017 3323 1211 3380 meditantem
1235 3324 1266 3379 in
1286 3324 1371 3393 cella,
1392 3333 1420 3380 et

223 3419 330 3487 demon
342 3414 412 3470 ioris
425 3419 504 3468 stans
519 3427 577 3465 non
590 3415 704 3481 poterat
720 3409 830 3464 intrare
839 3426 845 3475 ;
855 3411 916 3478 sed,
925 3427 993 3467 cum
1007 3413 1143 3467 meditari
1158 3414 1297 3480 cessauit,
1309 3414 1419 3487 ingres-

221 3522 271 3563 sus
285 3511 330 3560 est
345 3505 460 3559 daemon
472 3501 502 3555 in
516 3497 630 3554 cellam.
815 3494 820 3503 '

273 3591 332 3650 Fol.
352 3591 443 3647 Chll·.
460 3619 494 3629 -
511 3587 635 3653 Quidam
656 3585 746 3641 irater
767 3587 845 3642 venit
864 3587 900 3642 nd
922 3588 1065 3644 Abbatem
1083 3587 1249 3658 Siluanum,
1266 3596 1296 3645 et
1317 3591 1418 3648 ridens

219 3683 325 3739 iratres
342 3684 508 3752 operantes,
524 3675 565 3730 ait
582 3691 588 3729 :
604 3673 699 3730 Nolite
714 3674 831 3746 operari
847 3675 946 3731 cibum
966 3677 1045 3748 quod
1058 3677 1144 3749 perit.
1161 3678 1253 3733 Maria
1272 3680 1415 3751 optimam

218 3776 332 3844 partem
357 3767 453 3840 elegit.
470 3767 505 3820 Et
526 3763 600 3819 dixit
622 3778 710 3817 senex
730 3762 847 3818 cnidum
870 3762 954 3819 fratri
972 3781 979 3820 :
996 3767 1057 3820 Duc
1081 3765 1169 3821 istum
1191 3765 1221 3821 in
1243 3766 1351 3823 collam
1371 3769 1416 3823 vbi

218 3859 291 3916 nihil
309 3864 363 3923 est,
379 3855 497 3910 tradens
517 3853 544 3908 ei
566 3851 708 3906 codicem.
727 3853 761 3905 Et
782 3867 850 3906 cum
871 3858 947 3907 esset
967 3853 1038 3908 hora
1053 3854 1181 3921 cibandi,
1202 3856 1376 3912 attendebat
1393 3857 1416 3910 si

220 3953 356 4004 vocarent
371 3961 438 4000 enm
455 3943 491 3997 nd
504 3941 677 4012 prandium
691 3944 720 3993 at
730 3955 788 3994 non
803 3945 848 3995 est
863 3947 990 3996 vocatus.
1008 3942 1062 4007 Qui
1076 3958 1199 4015 surgens
1213 3945 1293 3999 venit
1306 3944 1344 3999 ad
1357 3961 1416 4009 eos,

220 4037 337 4092 dicens:
354 4030 527 4090 comedistis
541 4027 646 4083 hodie?
655 4028 814 4098 Respondit
826 4043 915 4083 senex
930 4046 937 4084 ι
951 4031 1055 4085 Etiam.
1068 4031 1119 4086 Cui
1136 4030 1201 4086 ille:
1217 4033 1357 4104 Elquere
1371 4051 1416 4088 me

220 4142 279 4180 raon
297 4121 439 4180 vocastis?
454 4122 487 4174 Et
505 4119 546 4174 nit
566 4133 656 4172 senex
670 4131 676 4169 :
693 4116 734 4170 Tu
749 4115 910 4186 spiritualis
927 4133 969 4185 οε,
988 4124 1018 4174 et
1034 4135 1093 4174 non
1112 4134 1180 4193 eges
1196 4120 1263 4176 cibo
1280 4121 1347 4178 isto.
1361 4123 1417 4178 Nos

220 4231 287 4269 vero
303 4210 434 4268 carnales
451 4207 625 4279 indigemus,
635 4211 663 4259 et
680 4204 744 4259 ideo
757 4220 924 4276 operamur.
938 4206 979 4261 Tu
992 4224 1060 4262 vero
1076 4208 1218 4279 optimam
1229 4216 1347 4280 partem
1360 4211 1418 4267 ele-

217 4302 295 4373 gisti,
310 4300 408 4372 legens
426 4304 487 4352 tota
502 4296 564 4361 dia;
576 4292 650 4348 inde
663 4308 780 4361 sumere
794 4291 892 4348 cibum
910 4294 1059 4350 carnalem
1076 4312 1136 4352 non
1149 4304 1267 4369 oportet
1280 4304 1320 4353 te.
1335 4300 1416 4365 Quod

217 4406 283 4445 cnm
293 4390 593 4458 audissetprostratus
604 4381 797 4447 dixit:Pater,
806 4380 923 4453 ignosce
932 4383 1414 4456 mihi,quiapeacani.Cuiahbas:

215 4477 326 4549 lndigot
339 4473 524 4545 blaria1siue}
542 4470 662 4526 llnrtha.
674 4470 729 4523 Per
740 4469 883 4525 biartlram
902 4471 982 4526 enirn
997 4473 1087 4528 blarin
1101 4472 1201 4529 alitur.
1215 4475 1331 4532 llartba
1347 4492 1414 4548 ergo

214 4564 320 4620 borium
336 4571 449 4637 partem
462 4562 560 4633 elegit,
577 4560 600 4614 si
616 4559 653 4614 nd
672 4557 728 4612 hoc
741 4555 855 4613 laborat
875 4565 905 4614 vt
919 4560 1068 4617 Christum
1084 4561 1114 4618 in
1129 4562 1274 4619 membris
1288 4565 1411 4621 reliciat.
