3270 5626
724 479 915 530 FABULAE.
1373 480 1418 527 tl'l

216 621 324 690 Fama
348 620 472 689 edente
501 619 594 711 quod
619 621 843 691 fraudulenta
869 644 906 690 es
930 627 966 690 ct
988 620 1168 689 maliciosa
1193 628 1228 688 et
1254 622 1418 710 precipue

215 760 323 827 penes
347 759 459 827 genus
483 742 656 818 nostrum,
679 743 711 804 et
736 738 813 805 ideo
838 737 984 806 timidus
1009 759 1088 804 sum
1113 734 1178 803 tibi
1206 737 1343 826 aperire
1362 737 1417 804 vel

213 853 256 922 ad
279 860 312 921 te
338 852 470 920 venire.
494 852 535 919 Et
557 851 714 941 Vulpes:
735 853 829 921 lleu!
851 853 911 921 vbi
936 859 988 920 est
1011 853 1151 935 caritas,
1175 874 1256 919 cum
1282 851 1418 920 deficiat

213 971 253 1036 in
268 967 468 1036 sacerdote?
482 967 583 1050 Veni,
595 967 624 1035 si
637 968 739 1051 velis,
753 969 837 1058 quia
852 969 997 1049 morior,
1014 974 1050 1036 et
1065 968 1223 1059 requirat
1237 967 1329 1035 Deus
1344 969 1418 1035 ani·

213 1107 309 1152 mam
329 1106 444 1151 meam
461 1080 502 1149 de
518 1081 682 1152 manibus
698 1085 785 1152 tuis!
804 1084 880 1165 Quo
895 1083 1027 1167 audite,
1050 1083 1171 1151 Gallus
1185 1084 1372 1151 intremuit
1385 1091 1419 1151 et

213 1200 304 1268 dixit
324 1199 460 1267 Galline.
475 1199 574 1266 rxori
590 1221 672 1267 sue:
691 1200 836 1288 Oportet
851 1200 995 1267 omnino
1011 1197 1105 1290 quod
1120 1221 1241 1267 exeam
1258 1198 1301 1267 ad
1321 1221 1415 1267 eum.

213 1317 277 1385 Cui
289 1315 371 1383 illa:
390 1315 551 1397 Domine,
569 1315 667 1381 nullo
683 1314 804 1398 mod03
823 1317 976 1383 multum
989 1314 1199 1406 deceptuosa
1215 1321 1279 1398 est,
1294 1322 1419 1384 etues-

213 1430 306 1500 citur
322 1430 366 1498 ad
385 1452 491 1521 quem
511 1431 617 1498 finem
630 1430 753 1499 tendit.
767 1432 810 1499 Et
820 1431 941 1499 Gallus
955 1431 1156 1522 :Tanquam
1167 1454 1236 1499 vna
1247 1429 1289 1499 de
1300 1431 1418 1499 stultis

213 1546 425 1615 mulieribus
441 1546 557 1614 locuta
571 1549 631 1613 csl
646 1547 768 1615 Nonne
784 1545 873 1614 mihi
893 1570 978 1615 cura
993 1548 1110 1615 anime
1123 1569 1188 1615 sue
1202 1547 1332 1615 tradita
1346 1550 1419 1615 est?

214 1663 338 1730 Nonne
353 1661 570 1752 respondebo
582 1684 643 1750 pro
655 1666 717 1730 ea?
727 1663 838 1745 Certe,
849 1662 1019 1753 quicquid
1029 1664 1201 1746 euenerit,
1214 1686 1278 1754 ego
1290 1663 1418 1731 faciam

215 1777 310 1868 quod
330 1777 514 1846 incumbit.
533 1777 576 1845 Et
591 1799 739 1868 surgens
759 1778 899 1846 induxit
919 1801 996 1846 eam
1016 1779 1053 1846 in
1073 1779 1217 1847 domum
1237 1777 1279 1846 ad
1300 1778 1417 1848 locum

216 1901 403 1975 secretum,
425 1899 463 1961 vt
481 1892 619 1961 audiret
638 1894 715 1961 eius
730 1894 1000 1962 contessionem.
1023 1893 1155 1961 Videas
1170 1895 1266 1962 anim
1286 1895 1418 1984 Vulpes

216 2009 284 2077 sibi
304 2014 502 2099 competere
519 2016 658 2098 tempus
675 2015 709 2076 et
724 2010 853 2093 locum,
872 2009 1011 2077 Gallum
1028 2031 1172 2077 sumens
1192 2032 1255 2099 per
1273 2009 1416 2093 collum,

218 2125 458 2215 strangulauit
475 2146 557 2193 eum
574 2131 608 2191 et
620 2125 814 2214 asportauit
834 2124 877 2193 ad
897 2125 1038 2193 siluam.

284 2240 363 2308 ldeo
392 2245 631 2329 competenter
652 2239 782 2308 dicitur
805 2240 1055 2323 Ecclesiastic,
1077 2263 1111 2307 xi
1136 2240 1184 2330 (l)
1208 2261 1215 2308 :
1239 2240 1316 2308 Non
1343 2264 1418 2310 om-

215 2379 298 2424 nem
312 2356 492 2424 hominem
508 2354 652 2424 inducas
669 2357 705 2423 in
721 2354 865 2424 domum
886 2361 1000 2440 tuam3
1022 2357 1133 2425 multe
1153 2357 1248 2424 enim
1269 2363 1351 2425 suut
1366 2358 1419 2425 in·

217 2472 306 2540 sidie
321 2472 446 2540 dolosi.

539 2607 675 2661 txt'lll.
704 2636 741 2648 -
768 2607 881 2678 [OVES
907 2607 955 2662 ET
980 2606 1097 2677 Lura]

659 2752 748 2812 Alta
767 2753 813 2811 de
835 2752 973 2811 eodem.

284 2900 370 2990 Lupi
396 2920 476 2967 cum
499 2897 701 2966 pastoribus
730 2903 929 2967 statuerunt
954 2898 1018 2966 hac
1044 2899 1248 2968 condicione
1275 2922 1418 2968 concor-

215 3016 322 3098 diam,
339 3022 376 3082 vt
395 3016 505 3082 Canes
519 3037 614 3095 suoS,
631 3015 692 3105 qui
712 3015 851 3082 fueraut
870 3037 976 3082 causa
995 3015 1205 3106 iurgiorum,
1226 3015 1277 3082 eis
1296 3014 1418 3084 redde·

215 3138 295 3198 rent
308 3138 342 3198 et
356 3130 457 3198 firma
470 3130 559 3198 foret
573 3131 744 3197 amicicia.
761 3131 976 3197 Annucruut
991 3131 1151 3198 Pastores
1166 3129 1335 3200 tradendo
1352 3132 1417 3199 Lu-

214 3248 268 3338 pis
284 3247 406 3327 Canes,
428 3245 558 3314 Ouium
573 3267 718 3313 suomm
735 3245 807 3336 (sic)
823 3244 996 3327 custodes.
1009 3245 1103 3328 Quos
1122 3253 1160 3314 vt
1178 3246 1264 3338 Lupi
1277 3269 1417 3337 recepe·

216 3369 311 3439 runt,
335 3363 452 3430 statim
481 3363 517 3427 in
545 3361 712 3451 patibulis
741 3361 1011 3450 suspendemnt,
1031 3368 1064 3429 et
1088 3362 1140 3430 sic
1159 3385 1240 3431 cum
1261 3362 1416 3453 deposita

216 3478 405 3547 tormidine
432 3484 544 3546 totum
573 3499 715 3569 gregem
743 3499 805 3566 pro
834 3500 898 3544 sua
926 3477 1107 3546 voluntate
1141 3478 1413 3547 dcuorauemut.

282 3595 326 3662 Et
355 3593 432 3661 idco
461 3592 589 3660 dicitur
616 3593 863 3676 Ecclesiastic„
884 3615 952 3660 xxx
981 3593 1030 3684 (2)
1061 3616 1069 3662 τ
1099 3594 1165 3676 Qui
1196 3595 1265 3662 cito
1292 3592 1415 3676 credit,

214 3712 305 3779 leuis
320 3717 373 3777 est
386 3708 488 3778 corde
503 3715 537 3775 et
552 3707 801 3790 minorabitur3
820 3707 913 3799 quod
929 3707 986 3776 hic
1006 3713 1111 3798 patet.

425 3924 530 3980 exit.
559 3955 595 3963 —
623 3922 779 3995 [LUPUS‚
800 3923 870 3979 SUS
900 3923 947 3978 ET
974 3923 1201 3996 runcatur]

659 4067 748 4128 Alta
768 4071 815 4128 de
835 4069 974 4128 ecdem.

283 4219 403 4307 Lupus
419 4217 577 4285 esuriens
599 4215 663 4284 luit
679 4237 740 4305 per
759 4216 900 4300 siluam,
917 4239 1067 4307 querens
1087 4214 1231 4306 predam
1251 4222 1417 4299 suamet

216 4335 357 4402 inuenit
373 4355 457 4401 casu
472 4332 578 4401 Suem
594 4353 674 4400 cum
691 4331 852 4420 porcellis
869 4332 954 4415 suis,
968 4339 1002 4399 ct
1017 4330 1107 4400 dixit
1123 4353 1130 4401 :
1149 4331 1245 4401 Bona
1259 4331 1414 4416 domina,

270 4486 308 4557 (l)
323 4489 444 4552 C.x1‚r.
459 4489 502 4540 al.
524 4470 528 4477 ⁴

270 4576 310 4648 (2)
324 4575 387 4631 a'on
403 4591 455 4646 pus
470 4575 499 4630 C.
515 4590 577 4639 xxx,
594 4573 669 4628 irruis
684 4575 713 4628 Γ..
725 4589 783 4637 xrs,
796 4590 822 4627 r.
837 4576 863 4628 l.
