3270 5626
215 505 260 554 au
540 502 691 556 ODONIS
718 503 898 556 FABULIS
926 501 1091 562 ADDITA,

218 668 299 715 sum
320 647 357 713 in
378 647 590 737 purgatorio,
607 670 627 715 a
647 646 787 738 quibus,
810 648 839 715 si
862 646 1013 715 fideliter
1032 645 1242 737 peregisses,
1265 668 1323 714 me
1343 653 1417 715 tola·

219 763 301 830 liter
315 761 515 852 eripuisses,
528 762 627 831 Vnde
641 763 704 830 tibi
720 763 853 831 nuncio
863 760 957 854 quod
972 760 1166 830 haceadem
1180 760 1239 830 die
1252 763 1418 844 morieris,

217 877 254 946 in
277 878 455 946 infernum
476 877 520 946 ob
544 877 635 946 banc
656 901 796 947 causam
826 875 1074 967 deportandus,
1099 875 1234 946 ibidem
1259 878 1422 970 imperpe·

217 1001 320 1062 tuum
336 1000 547 1063 moraturus.

217 1243 442 1315 xxtt1v).-
464 1244 515 1299 DE
538 1244 708 1310 QUODAM
734 1243 1100 1300 coniuncturum
1123 1243 1296 1308 neutro,
1323 1243 1423 1299 basr-

433 1341 621 1398 uubanus
646 1341 776 1398 SUPER
802 1341 931 1398 OMNIA
957 1340 1075 1399 sclua
1102 1340 1201 1407 QUll)

270 1439 394 1496 ESSET
419 1439 496 1496 Ι)Εο
522 1438 865 1508 accurramtttJS,
890 1439 959 1494 CUI
984 1437 1144 1496 SATHAN
1169 1438 1376 1497 APPARET.

293 1615 357 1683 Vir
383 1616 540 1706 quidam,
568 1616 861 1709 contemplacioni
886 1615 1035 1700 deditus,
1062 1617 1314 1706 superomnia
1342 1617 1425 1686 scire

218 1729 435 1800 desiderabat
449 1732 533 1823 qnid
549 1739 640 1801 esset
654 1732 727 1802 Deo
743 1732 1003 1823 acceptabilius.
1015 1732 1079 1801 Cui
1095 1731 1245 1816 Sathan,
1261 1733 1303 1801 in
1317 1732 1424 1802 torma

216 1844 372 1915 hominis
391 1869 574 1938 apparens,
596 1847 684 1916 dixit
706 1847 821 1939 :(Fol.
846 1847 900 1939 lb)
918 1846 1085 1917 bledietas
1107 1847 1205 1932 lune,
1229 1847 1424 1917 rotunditas

219 1962 303 2030 solis
323 1968 357 2030 et
375 1968 500 2054 quarta
520 1985 600 2054 pars
618 1970 704 2032 rote.
728 1963 790 2032 Cui
805 1963 892 2032 talia
912 1963 1091 2054 ignoranti
1118 1971 1152 2033 et
1175 1962 1424 2034 vehemencias

110 2123 112 2127 >
222 2077 377 2148 studenti
391 2079 537 2171 angelus
552 2078 679 2148 Christi
693 2079 867 2171 apparuit,
877 2084 973 2148 tante
988 2078 1269 2169 sol[l]icitudinis
1285 2101 1423 2149 causam

221 2194 440 2286 perquirens.
455 2194 610 2285 Cumque
625 2195 680 2263 vir
695 2195 755 2263 ille
771 2217 913 2264 causam
929 2196 1130 2279 reuelasset,
1146 2195 1297 2287 angelus
1314 2194 1421 2265 dixit:

222 2310 318 2379 Talia
336 2310 400 2379 tibi
416 2311 590 2379 nuncians
611 2333 734 2379 verum
755 2310 854 2392 dixit,
881 2310 998 2380 dolose
1023 2317 1161 2396 tamen3
1182 2310 1305 2402 sicque
1328 2333 1424 2402 para·

222 2424 338 2495 bolam
354 2427 500 2518 angelus
515 2424 728 2495 edisserebat
744 2446 752 2494 :
772 2426 939 2496 Medietas
954 2426 1038 2495 lune
1053 2425 1144 2496 hano
1163 2427 1307 2496 literam
1326 2427 1351 2496 C
1368 2425 1425 2497 dc·

223 2547 406 2625 monstrat,
432 2542 533 2611 cuius
560 2541 709 2633 figuram
737 2542 821 2611 luna
854 2543 1050 2633 semiplena
1083 2549 1320 2632 representat;
1345 2542 1425 2612 solis

223 2664 341 2725 autem
366 2656 563 2726 rotunditas
581 2656 608 2726 0
630 2656 769 2749 figurat,
787 2663 821 2725 et
841 2664 966 2749 quarta
986 2680 1069 2750 pars
1084 2665 1164 2727 rote
1186 2659 1219 2729 R
1240 2659 1424 2752 significat

224 2772 359 2854 Quibus
377 2772 491 2841 tribus
506 2773 632 2841 litteris
647 2773 830 2863 copulatis,
852 2771 916 2842 bec
930 2773 1035 2842 dictio
1051 2796 1109 2842 cor
1126 2774 1292 2859 eflicitur,
1309 2775 1426 2844 volens

224 2886 389 2957 denotare
404 2887 496 2979 quod
511 2887 606 2956 aliud
626 2911 732 2978 quam
748 2911 808 2956 cor
827 2887 982 2957 hominis
997 2888 1088 2957 Deus
1106 2911 1178 2957 non
1195 2888 1383 2959 desiderat.

223 3137 289 3191 xxi
317 3137 398 3208 (tv).
425 3167 461 3178 -
487 3139 537 3191 DE
569 3137 738 3203 QUODAM
765 3137 974 3195 canopico
1006 3138 1211 3194 suculam
1243 3139 1292 3194 ET
1320 3140 1426 3194 tilla

356 3234 565 3291 CUIUSDAM
591 3236 705 3290 lUDEl
732 3236 961 3292 buxtulusu
988 3237 1294 3293 auauaurtssUS.

296 3413 445 3493 Quidam
470 3411 659 3480 canonieus
688 3414 856 3481 secularis
883 3422 916 3481 et
940 3414 1155 3482 christianus
1179 3416 1291 3483 liliam
1316 3396 1431 3484 cuius·

229 3530 308 3598 dam
330 3529 425 3597 ludei
450 3528 629 3596 luxuriose
653 3529 850 3612 adamauit;
877 3538 929 3598 set
948 3553 1009 3621 per
1036 3530 1141 3621 longa
1161 3530 1302 3599 dierum
1328 3532 1432 3622 spatia

231 3645 273 3714 ad
290 3667 367 3714 eam
382 3645 481 3712 nullo
492 3643 594 3712 modo
605 3645 777 3736 attingere
793 3653 938 3735 poterat,
951 3654 986 3714 vt
1002 3668 1079 3714 eam
1091 3646 1280 3714 carnaliter
1292 3670 1434 3739 cognos-

232 3768 336 3843 ceret,
352 3738 434 3828 licet
453 3761 513 3827 illa
527 3759 594 3826 sibi
610 3759 858 3843 consensisset,
876 3762 959 3851 quia
973 3762 1156 3830 circaeam
1171 3763 1433 3844 custodiendam

234 3898 397 3968 magnam
419 3876 642 3966 diligenciam
666 3882 764 3965 pater
789 3875 987 3944 adhibebat.
1012 3876 1111 3944 Vnde
1133 3876 1261 3946 accidit
1285 3887 1324 3947 vt
1346 3878 1434 3948 diota

232 3992 373 4074 mulier,
388 3990 538 4081 quodam
553 3998 708 4080 tompore
725 3991 1033 4082 quadragesimali,
1047 3994 1216 4061 canonico
1237 3994 1306 4063 sibi
1322 3994 1434 4063 subito

233 4107 391 4175 obuianti
414 4106 543 4175 talibus
568 4105 683 4173 verbis
707 4106 924 4196 alloquitur:
947 4108 1061 4190 Enim,
1084 4107 1220 4199 inquid,
1245 4112 1320 4178 scio
1347 4110 1435 4202 quod

235 4224 463 4313 perlongum
486 4229 623 4311 tempus
649 4244 704 4289 mo
728 4221 896 4304 dilexisti,
914 4229 948 4290 et
967 4230 1001 4291 te
1025 4223 1134 4291 michi
1166 4223 1435 4294 dilectissimum

234 4362 338 4429 super
358 4361 480 4406 omnes
500 4360 719 4428 recognosce,
742 4343 777 4405 ct
797 4339 880 4429 quia
902 4344 1039 4430 tempus
1058 4346 1275 4428 oportunum
1295 4342 1339 4409 ad
1360 4365 1433 4409 nos-

228 4462 323 4522 trum
344 4455 559 4544 propositum
584 4451 835 4543 perficiendum
861 4453 975 4522 adbuc
999 4476 1223 4544 nequaquam
1255 4439 1428 4537 acciderit,

226 4576 258 4637 te
289 4569 332 4637 ad
355 4591 496 4658 presens
521 4570 716 4659 premunio‚
745 4575 793 4652 vt,
826 4569 855 4635 si
885 4570 1103 4660 propositum
1130 4580 1233 4639 tuum
1261 4573 1427 4663 complere
