3270 5626
375 505 421 555 28t
608 503 760 556 onort1s
785 506 837 557 DE
864 505 1078 558 GERITONA
1105 500 1350 553 PARABOLAE.

375 670 453 716 rum
474 647 643 716 adductus
664 655 716 715 est
737 648 804 716 sihi
824 649 932 718 frater
953 646 1134 730 Geraldus,
1153 653 1191 714 nt
1209 645 1401 736 diligenter
1421 653 1578 738 egrotum

376 764 685 855 contemplaretur,
704 771 738 832 et
757 765 846 833 dixit
864 764 972 833 frater
985 762 1155 832 Geraldus
1175 763 1258 852 quia
1277 761 1440 830 nondum
1461 770 1535 830 erat
1547 763 1578 830 in

377 880 467 948 bono
482 886 586 947 statu.
600 868 754 948 Accessit
769 880 874 949 tercio
890 880 933 948 ad
948 903 1031 949 eum
1047 877 1220 962 sacerdos,
1234 878 1370 947 scilicet
1385 886 1531 968 egroto(
1555 882 1576 967 ),

377 1001 412 1063 et
434 1017 515 1063 cum
533 995 706 1086 singulari
728 995 913 1086 diligentia
936 996 1145 1086 inquireret,
1171 995 1264 1062 inter
1285 999 1405 1063 cetera
1428 993 1580 1084 quesiuit

376 1114 497 1179 utrum
518 1111 700 1200 proprium
720 1110 875 1180 haberet.
894 1112 962 1194 Qui
979 1111 1159 1200 respondit
1178 1109 1272 1201 quod
1286 1109 1430 1177 circiter
1453 1109 1525 1199 .vij.
1542 1110 1579 1176 li·

378 1224 458 1294 bras
471 1226 728 1294 Viennensium
745 1225 812 1293 sihi
833 1226 1039 1295 reseruauit.
1054 1226 1119 1294 Cui
1133 1224 1223 1293 dixit
1241 1223 1426 1294 sacerdos:
1444 1225 1497 1293 Ex
1515 1247 1578 1315 quo

378 1341 488 1410 semel
508 1342 691 1431 proprium
713 1342 942 1426 renunciasti,
959 1340 1072 1409 nichil
1087 1341 1151 1409 tihi
1166 1340 1208 1408 de
1224 1346 1339 1409 cetero
1357 1342 1577 1432 appropriare

378 1457 539 1546 potuisti;
563 1457 745 1548 proprium
770 1456 895 1525 reddas
915 1457 1009 1525 etde
1030 1462 1169 1546 peccato
1187 1457 1359 1546 peniteas.
1381 1456 1486 1538 Quod
1504 1479 1577 1526 cum

377 1572 486 1663 gratis
512 1571 652 1639 fecisset
676 1578 830 1662 egrotus,
852 1573 983 1640 iterum
1003 1571 1175 1640 adductus
1194 1577 1248 1640 est
1266 1571 1376 1640 frater
1398 1570 1574 1640 Geraldus.

379 1685 476 1754 Vidit
494 1687 660 1777 angelum
676 1686 822 1771 bonum,
832 1688 1052 1778 qui‘propter
1065 1693 1246 1777 peccatum
1262 1694 1468 1772 recesserat,
1485 1710 1576 1777 prop

379 1807 433 1870 ter
461 1802 693 1890 penitentiam
717 1802 760 1871 ad
780 1809 941 1894 egrotum
962 1825 1146 1872 reuersum
1171 1809 1205 1872 et
1224 1825 1330 1893 super
1354 1824 1438 1872 eum
1461 1802 1578 1871 sedon·
1615 1871 1623 1897 0

383 1921 465 1985 tem.
483 1917 583 1985 Vnde
600 1918 708 1985 frater
722 1917 891 1986 Geraldus
905 1916 997 1986 dixit
1010 1917 1182 1987 sacerdoti
1201 1918 1295 2010 quod
1310 1940 1435 1987 secure
1450 1923 1578 2009 poterat

383 2039 525 2124 egrotus
544 2034 656 2100 uitam
672 2033 783 2101 linire.

447 2146 594 2228 Quando
626 2155 787 2238 peccator
812 2150 955 2216 recessit
981 2171 1000 2216 a
1027 2148 1186 2217 custodia
1208 2150 1373 2239 pastoris,
1395 2150 1521 2218 incidit
1545 2151 1575 2216 iu

379 2261 601 2353 custodialm]
623 2263 765 2332 diaboli.

416 2496 522 2551 xlix.
542 2497 647 2551 -DE
672 2497 840 2564 QUODAM
864 2494 1060 2553 nonnullo
1086 2497 1231 2553 SANCTl
1256 2497 1482 2554 LttUllliNTll
1500 2498 1546 2570 (t).

447 2691 593 2759 Cuidam
623 2691 797 2760 monacho
827 2690 937 2760 sancti
961 2692 1147 2760 laurencii
1178 2698 1275 2761 extra
1308 2715 1433 2762 muros
1461 2695 1574 2769 Rome,

381 2828 474 2874 anno
498 2805 542 2874 ab
568 2807 807 2875 incarnatione
834 2806 969 2875 domini
996 2819 1046 2874 m⁰
1065 2819 1098 2875 c⁰
1118 2808 1180 2890 ix⁰,
1206 2807 1351 2876 miranti
1372 2809 1417 2878 de
1442 2808 1577 2900 cingulo

381 2944 444 2989 suo
464 2944 534 3012 quo
554 2922 690 2989 cinctus
710 2930 783 2991 erat
800 2946 870 2990 nou
889 2922 1004 2990 soluto
1025 2930 1058 2990 et
1074 2922 1224 3012 proiecto
1245 2928 1325 2992 ante
1348 2947 1445 3009 eum,
1463 2949 1530 2993 uox
1545 2926 1574 2991 in

381 3059 459 3103 aero
476 3038 566 3105 facta
583 3046 634 3106 ost
652 3061 659 3105 :

583 3182 635 3242 Sic
648 3184 753 3259 potuit
766 3182 877 3242 clauso
894 3180 1063 3262 [Christus]
1080 3183 1209 3261 prodire
1224 3184 1386 3262 sepulcro.

499 3428 527 3481 li.
552 3457 587 3468 -
611 3427 661 3481 DE
686 3428 846 3499 onorius
871 3429 1101 3485 FRATRIBUS
1126 3430 1404 3486 olscoflotoos
1430 3434 1476 3504 (3).

451 3639 600 3720 Quidam
620 3639 734 3708 uoluit
753 3639 814 3707 alii
831 3663 968 3725 nocere,
987 3642 1134 3710 sednon
1154 3645 1268 3734 potuit
1285 3652 1431 3735 proptor
1446 3649 1578 3714 fratrem

384 3778 488 3823 suum
510 3755 570 3845 (l).
593 3755 746 3846 Contigit
773 3755 865 3845 quod
892 3758 985 3824 inter
1008 3757 1131 3825 iratres
1156 3760 1222 3827 luit
1241 3759 1430 3830 discordia.
1453 3763 1579 3854 Cogita·

383 3872 437 3939 uit
452 3877 637 3939 extraneus
654 3870 747 3962 quod
764 3877 847 3939 tunc
865 3874 977 3961 potuit
991 3875 1022 3940 oi
1038 3896 1175 3954 nocere,
1188 3882 1222 3942 et
1233 3878 1461 3964 prouocando
1476 3880 1577 3968 ipsuru

384 3988 546 4055 conuicia
558 3987 690 4055 intulit.
703 3987 808 4055 Venit
822 3987 942 4069 irater3
959 3990 1051 4077 [cum
1061 3989 1467 4078 inueniretloxtranoum
1477 3996 1579 4062 rixan-

441 4148 479 4219 (t)
499 4148 577 4203 Lisez
594 4165 601 4202 2
617 4149 653 4203 ud
667 4153 808 4217 egrotum.

440 4238 478 4308 (2)
495 4240 526 4292 ln
546 4238 590 4292 dte
606 4245 701 4292 sarecto
717 4239 826 4301 Pascite,
840 4237 988 4291 secuudum
1003 4240 1154 4305 Murcltum,
1170 4241 1275 4295 ultimo.
1293 4272 1327 4280 —
1342 4243 1417 4297 Cum
1439 4244 1576 4298 transisset

387 4326 553 4392 sabbatum,
570 4327 660 4380 Maria
675 4327 841 4398 Mugdulene
857 4331 886 4379 et
900 4326 990 4380 Maria
1003 4328 1102 4381 tacobi
1114 4335 1143 4383 et
1158 4329 1273 4384 Salome
1289 4339 1431 4386 emerunt
1445 4337 1574 4400 aromata.

440 4416 477 4486 (3)
493 4418 526 4469 Iu
546 4417 670 4469 crastino
687 4416 797 4479 Pascite,
818 4414 965 4469 secuudum
984 4417 1113 4484 luctam,
1133 4419 1238 4474 ultimo.
1254 4420 1368 4475 —Duo
1384 4436 1422 4476 ex
1440 4418 1575 4492 discipulis

387 4502 475 4560 lliesu
490 4504 571 4557 ibant
587 4504 622 4557 ad
638 4503 803 4558 castellum.

444 4592 481 4662 (l)
496 4592 576 4645 Ainsi
593 4609 668 4662 pour
682 4594 750 4662 ejus.
