3270 5626
522 487 655 540 rauca
683 489 760 541 ons
784 473 1006 540 uaarhaus

261 629 354 684 XXlX.
373 662 409 670 —
428 632 468 686 De
481 630 567 687 beato
583 632 739 689 benedicto
752 638 782 690 et
798 631 908 689 Merula
912 670 1271 690 ...........
1292 568 1366 686 Ἓξ

272 719 355 773 XXX.
374 750 410 759 —
430 720 468 774 190
483 719 589 775 abbate
602 720 693 777 Paulo
708 723 859 777 scindente
875 722 1031 793 Serpentes
1048 725 1077 775 ct
1092 721 1275 790 scorpiones.
1314 723 1367 775 276

264 809 355 863 XXXI.
376 839 410 847 —
429 809 469 863 De
485 811 614 879 quodam
632 811 773 866 lIonaoho
788 816 818 866 et
835 808 973 866 Basilisco
980 848 1271 868 .........
1314 812 1366 864 277

248 897 355 952 XXXII.
375 928 410 936 -
430 897 583 963 Quomodo
600 899 721 970 quidam
738 900 833 955 Iactus
847 904 892 955 est
906 899 1065 954 Monachus
1088 938 1274 957 ......
1316 901 1367 952 277

232 985 353 1040 XXXlll.
373 1017 409 1026 —
428 987 469 1040 De
485 987 614 1057 quodam
630 988 770 1059 Simplice
783 988 885 1044 oculos
899 987 1016 1043 dolente
1021 1025 1274 1046 ........
1315 989 1368 1041 278

237 1075 354 1130 XXXIV.
375 1106 410 1116 -
429 1077 470 1131 190
486 1077 616 1146 quodam
631 1077 750 1132 Itustico
768 1076 881 1134 malum
899 1076 1026 1133 habente
1043 1077 1072 1132 la
1088 1076 1173 1131 oculo
1193 1082 1222 1131 et
1243 1077 1279 1130 do

470 1165 571 1220 Vicino
591 1165 656 1236 ejus
663 1206 1275 1225 ..................
1317 1167 1369 1220 278

248 1252 355 1308 XXXV.
375 1285 410 1293 —
430 1254 469 1308 lle
486 1255 562 1326 Rege
580 1256 690 1310 Ninica
698 1296 1275 1314 .................
1317 1255 1369 1308 218

238 1342 354 1397 XXXVI.
375 1344 471 1397 -lle
492 1343 615 1399 Diabolo
634 1345 777 1400 suadente
800 1344 918 1400 cuidam
941 1344 1083 1399 llonacho
1109 1344 1187 1414 quod
1203 1343 1280 1416 jeju-

469 1438 554 1487 naret
560 1474 1274 1492 .....................
1316 1435 1369 1487 279

221 1519 353 1574 XXXVII.
373 1551 408 1560 —
427 1522 467 1576 190
483 1522 612 1591 quodam
632 1522 773 1578 Monaobo
793 1539 824 1578 se
835 1522 973 1594 jejunare
989 1522 1204 1593 protendente.
1233 1565 1239 1578 .
1269 1564 1275 1577 .
1318 1525 1368 1577 279

213 1608 352 1663 XXXVIII.
373 1640 408 1649 -
427 1611 466 1665 lle
481 1610 610 1681 quodam
625 1613 719 1666 Avaro
732 1612 769 1666 ad
782 1617 946 1667 extremam
960 1611 1064 1667 horam
1079 1611 1145 1665 vitm
1159 1627 1218 1666 suae
1235 1627 1280 1664 re-

467 1699 568 1754 nieute
572 1740 954 1759 ............
984 1742 990 1752 .
1019 1741 1274 1759 ........
1318 1701 1369 1754 279

241 1787 354 1841 XXXIX.
375 1818 409 1826 -
428 1789 469 1842 De
485 1786 570 1843 beato
587 1789 716 1844 Antonio
732 1795 762 1845 et
780 1790 840 1845 vasi
856 1806 946 1845 aureo
951 1828 1274 1848 ..........
1317 1789 1370 1842 280

302 1876 356 1930 XL.
375 1906 411 1915 -
431 1878 471 1931 Ile
486 1877 615 1947 quodam
633 1878 727 1933 Stulta
743 1895 811 1934 cum
824 1879 912 1935 domo
933 1895 986 1934 sua
1001 1878 1168 1936 combusto.
1198 1922 1205 1936 .
1234 1922 1240 1935 .
1270 1923 1276 1934 .
1319 1878 1371 1932 289

290 1965 357 2019 XLI.
378 1997 412 2004 —
432 1967 471 2020 190
485 1964 571 2020 beato
586 1967 715 2022 Antonio
731 1967 852 2038 laqueos
865 1967 969 2023 mundi
985 1967 1108 2022 tImeute
1112 2007 1275 2025 ......
1318 1967 1365 2020 281

277 2053 356 2108 XLll.
381 2085 411 2093 --
431 2055 472 2109 ne
488 2055 617 2125 quodam
632 2056 789 2126 l'ispilione
803 2061 964 2129 aegrotante
968 2095 1275 2114 ..........
1317 2055 1366 2109 281

264 2142 356 2196 XLlll.
376 2174 412 2181 -
432 2144 472 2198 De
486 2144 628 2214 Cipriano
646 2144 774 2200 habente
790 2144 939 2200 daemones
950 2145 981 2200 in
996 2146 1086 2200 archa
1092 2186 1276 2202 ......
1319 2145 1365 2198 281

263 2232 354 2286 XLIV.
375 2263 410 2271 -
428 2234 469 2287 De
483 2232 612 2303 quodam
626 2234 701 2288 Fure
715 2233 892 2289 vesIImenta
907 2232 1009 2288 altaris
1023 2233 1170 2291 tollente.
1200 2276 1206 2289 .
1235 2279 1241 2291 .
1270 2275 1276 2289 .
1318 2234 1371 2287 282

278 2321 355 2374 XLV.
375 2350 409 2361 -
431 2322 471 2376 lle
484 2321 614 2392 quodam
632 2322 822 2377 Predioatore
840 2328 869 2376 et
888 2323 952 2394 eJ‘us
966 2323 1055 2377 Asino
1058 2363 1276 2380 .......
1317 2322 1371 2376 282

262 2410 355 2463 XLVI.
373 2441 410 2449 -
428 2411 469 2464 De
483 2411 613 2481 quodam
626 2410 771 2483 Theologo
787 2410 915 2466 breviter
929 2410 1068 2481 loquente
1092 2454 1275 2469 ......
1316 2411 1370 2465 282

250 2497 353 2553 XLVII.
375 2529 409 2538 —
428 2500 469 2553 190
483 2499 602 2554 Rustico
614 2500 728 2555 nutrito
742 2500 772 2556 ln
788 2500 859 2556 llmo
875 2499 981 2556 stabuli
986 2541 1275 2558 .........
1317 2499 1369 2554 283

235 2587 351 2642 XLVlll.
372 2618 407 2627 -
426 2588 467 2642 De
480 2587 572 2643 Iratre
586 2588 773 2645 cisterciensi
788 2588 913 2644 Geraldo
926 2587 1046 2662 angelos
1058 2588 1175 2643 vidente
1198 2633 1204 2647 .
1233 2632 1239 2645 .
1268 2631 1274 2642 .
1317 2589 1369 2643 288
1409 2620 1412 2625 -

262 2675 351 2730 XLIX.
371 2707 407 2714 —
425 2678 466 2731 190
480 2677 609 2746 quodam
624 2679 766 2733 Monacho
782 2678 881 2733 Sancti
896 2677 1045 2733 Laurentii
1054 2717 1273 2735 .......
1315 2678 1369 2732 281

324 2766 352 2818 L.
374 2796 407 2805 —
426 2765 467 2820 De
480 2765 596 2821 duobus
612 2766 764 2821 Fratribus
779 2766 963 2822 discordibus
982 2807 1274 2825 .........
1316 2765 1369 2819 281

308 2855 349 2908 Ll.
372 2884 405 2892 —
425 2855 465 2908 190
480 2854 557 2908 Cane
573 2855 647 2910 duos
661 2855 799 2910 Homines
814 2856 974 2910 comitante
981 2898 1274 2914 .........
1317 2855 1368 2908 285

297 2943 352 2996 LII.
372 2975 406 2982 -
426 2944 467 2998 De
481 2943 595 2999 duobus
611 2945 749 2999 Eremitis
766 2950 795 3000 et
807 2945 928 3001 Muliero
943 2951 1050 3001 ornata
1056 2985 1276 3004 .......
1316 2945 1369 2998 285

284 3032 353 3085 Llll.
373 3062 409 3070 —
427 3033 468 3086 De
486 3031 615 3102 quodam
631 3038 759 3104 ponente
776 3033 948 3105 Serpentem
964 3034 994 3089 in
1013 3035 1080 3090 sinn
1091 3073 1276 3093 ......
1317 3035 1370 3088 285

285 3120 350 3174 LIV.
371 3122 466 3175 -De
488 3120 562 3176 susti
583 3120 748 3193 lnjuslique
763 3123 871 3178 animis
891 3139 991 3178 coram
1006 3125 1138 3179 Eremita
1159 3140 1195 3178 ex
1217 3139 1282 3178 cor·

469 3226 540 3280 pore
556 3210 732 3266 exeuntibus
736 3251 1277 3272 ................
1318 3214 1370 3267 288

298 3298 349 3352 LV.
369 3329 404 3337 —
424 3299 465 3353 De
485 3298 607 3354 lluliero
623 3316 689 3370 qum
708 3299 909 3370 pulchriorem
930 3318 993 3358 esse
1008 3302 1170 3358 desiderat.
1199 3345 1205 3358 .
1235 3349 1241 3360 .
1270 3344 1277 3359 .
1319 3303 1370 3357 287

236 3392 239 3399 ’
284 3387 348 3441 LVI.
370 3418 404 3426 —
425 3387 465 3441 190
478 3387 620 3460 llurilego
633 3388 719 3458 cujus
733 3390 827 3444 cauda
839 3390 968 3446 abscissa
980 3396 1024 3446 est
1028 3432 1277 3455 ........
1319 3391 1370 3445 287

271 3476 350 3530 LVll.
370 3508 406 3514 —
428 3478 467 3530 llo
481 3477 586 3532 abbate
599 3477 759 3532 Athanasio
774 3485 803 3531 et
820 3477 942 3534 lluIIere
961 3481 1084 3536 textrice
1091 3520 1276 3540 ......
1318 3481 1371 3534 288

259 3565 350 3619 LVIII.
372 3596 407 3605 -
426 3566 467 3619 De
483 3565 613 3636 quadam
628 3567 761 3622 hlatrona
775 3572 804 3620 et
823 3566 929 3622 abbate
942 3569 1065 3624 Arsenio
1091 3609 1276 3628 ......
1318 3569 1370 3623 288

288 3654 352 3708 LIX.
374 3685 408 3693 —
428 3655 469 3708 190
483 3659 585 3709 sancto
603 3653 712 3709 llllario
726 3659 755 3709 et
767 3656 896 3726 quadam
911 3656 1031 3712 lIuliere
1055 3700 1275 3716 .......
1317 3658 1369 3712 288

304 3743 355 3797 LX.
377 3774 410 3782 -
431 3744 472 3797 190
489 3746 546 3797 ave
560 3759 626 3814 quas
640 3743 903 3813 diciturl'roapeas
916 3761 945 3800 os
952 3789 1275 3806 ..........
1317 3747 1369 3800 289
1470 3736 1475 3749 '

289 3831 354 3886 LXI.
376 3861 411 3872 -·
432 3831 471 3886 190
487 3832 652 3887 Avesancti
668 3833 785 3887 Martini
789 3873 1274 3893 ...............
1316 3835 1368 3889 289

276 3920 355 3975 LXll.
375 3950 410 3958 -
430 3922 470 3975 De
486 3919 632 3975 blachario
649 3925 678 3976 et
692 3920 815 3976 Diabolo
822 3966 1274 3982 ..............
1316 3923 1369 3977 289

262 4009 353 4063 LXlll.
375 4039 409 4050 -
429 4009 469 4064 Ile
485 4009 614 4079 quodam
631 4009 860 4081 Arcbiepiscopo
881 4015 911 4066 et
927 4011 1049 4068 Diabolo
1056 4055 1277 4072 .......
1318 4013 1371 4066 289

265 4098 353 4152 LXlV.
373 4127 409 4136 -
428 4099 470 4152 190
485 4097 634 4168 pontillcis
648 4098 767 4154 Thomas
787 4100 930 4170 martyrio
934 4140 1277 4161 ...........
1320 4101 1372 4154 290

279 4186 353 4240 LXV.
374 4217 408 4225 —
429 4187 469 4241 190
485 4186 614 4256 quodam
629 4187 732 4259 llagno
752 4192 869 4258 stupam
888 4190 1070 4245 accendente
1093 4231 1277 4249 ......
1320 4191 1373 4243 299

263 4275 354 4330 LXVI.
374 4305 411 4316 -
431 4275 472 4329 De
486 4275 572 4330 beato
585 4275 714 4331 Antonio
727 4280 871 4347 temptato
877 4318 1277 4338 ............
1319 4279 1373 4332 299

251 4364 352 4418 LXVlL
373 4395 409 4403 -
428 4365 468 4418 De
494 4364 599 4419 abbate
614 4365 729 4419 Zenone
748 4370 890 4436 temptato
914 4408 1277 4428 ...........
1320 4369 1369 4422 291

236 4452 352 4507 LXVlll.
373 4484 409 4492 —
428 4454 468 4507 190
484 4452 612 4523 quadam
630 4452 798 4508 Peccalrice
814 4458 844 4508 et
862 4457 992 4526 quodam
1011 4459 1085 4514 Sene
1091 4499 1277 4518 ......
1319 4459 1367 4511 291

264 4542 354 4596 LXIX.
374 4573 409 4581 —
428 4543 468 4596 190
482 4541 601 4596 llustico
617 4546 646 4597 et
666 4542 752 4612 Lupis
755 4581 1276 4606 ................
1319 4547 1372 4600 292
