3270 5626
213 481 259 532 ill
477 499 478 503 ¹
540 479 691 530 ODONlS
719 478 899 532 FABULlS
924 479 1089 533 Anulus.

395 733 480 786 llllll
506 731 613 803 (le).
634 762 670 772 ·-
699 731 749 786 DE
777 732 931 796 Apulia
959 731 1007 786 ΕΤ
1035 733 1244 789 collatae.

282 908 409 1000 Aquila
437 915 472 977 et
497 907 668 977 Columba
697 909 883 1000 litigabant
916 909 960 978 ad
988 910 1153 978 invicem.
1181 909 1279 977 Dixit
1303 917 1408 978 autern

215 1023 411 1093 Columba:
437 1024 523 1092 Fere
542 1046 604 1114 per
627 1024 787 1114 singulos
809 1047 949 1093 menses
972 1047 1102 1117 genero
1122 1025 1240 1116 pullos
1266 1032 1301 1093 et
1324 1033 1409 1116 grata

216 1162 295 1208 sum
322 1137 525 1208 haminibus
554 1161 616 1229 pro
649 1139 775 1208 collata
808 1141 917 1209 michi
949 1141 1075 1210 celitus
1104 1140 1332 1210 fecunditate.
1358 1143 1410 1210 Cui

216 1254 368 1346 Aquila:
390 1255 432 1322 Et
451 1254 532 1322 inde
551 1253 615 1322 tibi
635 1254 736 1322 dolor
755 1261 791 1323 et
812 1255 979 1347 frequens
1001 1257 1157 1339 tristitia,
1175 1258 1272 1348 quia.
1291 1265 1411 1348 quanto

215 1371 295 1462 plus
314 1370 420 1460 paris,
442 1375 539 1439 tanto
556 1370 675 1459 plures
694 1370 737 1438 de
758 1371 865 1460 pullis
885 1373 956 1440 tuis
976 1370 1019 1440 ad
1042 1371 1230 1440 hominum
1257 1371 1413 1442 delicatas

216 1486 340 1577 epulas
355 1487 567 1553 moriuntur.

407 1755 510 1809 xxru
534 1755 640 1826 (uxr).
660 1787 696 1795 -
723 1758 773 1811 ue
801 1755 924 1812 asmo
956 1756 1017 1826 [rr
1043 1756 1238 1827 renutat.

284 1949 427 2033 Asinus,
450 1948 594 2017 audiens
614 1949 785 2018 Merulam
809 1950 999 2019 modulatis
1018 1973 1143 2018 cancre
1164 1950 1324 2035 vocibus,
1340 1975 1411 2044 que·

221 2065 305 2133 sivit
319 2064 361 2133 ab
381 2088 434 2149 ea,
452 2087 522 2156 quo
538 2064 617 2133 cibe
633 2071 792 2134 uteretur
806 2089 868 2156 pro
889 2090 931 2136 ea
949 2066 1041 2158 quod
1056 2067 1106 2134 sic
1121 2067 1257 2159 optime
1273 2075 1411 2137 caueret.

217 2181 280 2250 Cui
302 2181 461 2250 Merula:
483 2181 612 2249 Aerem
636 2203 802 2250 serenum
827 2188 863 2249 et
886 2204 1003 2250 rorem
1029 2181 1097 2250 celi
1122 2205 1186 2273 pro
1206 2183 1288 2252 cibo
1303 2183 1411 2253 habea

218 2296 314 2365 'lunc
335 2296 479 2380 AsiuuS,
502 2297 642 2365 emulus
667 2320 751 2366 voce
766 2299 854 2383 eius,
876 2303 996 2389 aperto
1020 2320 1080 2366 ore
1104 2301 1206 2390 ydus,
1230 2298 1412 2368 attrahebat

218 2433 348 2496 aerem,
374 2417 562 2502 expectans
587 2435 703 2481 rorem
729 2412 807 2497 celi,
830 2412 953 2496 donec,
976 2413 1180 2482 debilitatus
1206 2414 1314 2500 fame,
1337 2437 1413 2483 mar·

218 2533 302 2596 tuus
318 2534 381 2596 est.

285 2643 495 2734 Exemplum
515 2643 627 2726 stulti,
649 2645 709 2733 qui
730 2645 948 2735 appetitque
973 2667 1045 2712 non
1067 2647 1247 2735 pertinent
1267 2648 1310 2716 ad
1330 2670 1410 2717 cum.

386 2912 483 2966 xxiv
510 2911 635 2982 aaut.
660 2943 696 2952 -
725 2912 775 2967 uc
804 2912 928 2969 israe
959 2913 1022 2983 rur
1046 2913 1254 2969 eluctus.

284 3110 426 3190 Asinus,
454 3107 581 3175 cadens
611 3108 648 3173 in
675 3108 803 3180 lutum,
828 3109 919 3196 cepit
947 3109 1083 3176 eiulans
1114 3111 1268 3178 clamare
1299 3133 1360 3200 pra
1381 3133 1410 3177 ec

218 3223 311 3313 quod
328 3246 398 3289 non
412 3228 548 3311 poterat
561 3222 691 3311 egredi.
708 3221 769 3289 Cui
786 3222 909 3289 Cancri
928 3222 1093 3291 dixerunt
1110 3245 1117 3290 ε
1137 3224 1254 3304 Quare
1276 3227 1410 3317 plangis.

219 3361 299 3405 cum
323 3361 398 3420 noa,
423 3338 483 3427 qui
514 3338 618 3427 lange
642 3335 722 3404 ante
749 3337 906 3405 cedimus
929 3339 964 3404 iu
991 3339 1119 3423 lutum,
1148 3341 1299 3409 minime
1325 3342 1409 3432 plan·

219 3456 364 3543 gamus?

284 3568 491 3659 Exemplum
518 3568 844 3659 delicat01·um‚qui
871 3569 981 3636 niclril
1018 3570 1144 3638 volunt
1170 3574 1242 3659 prati
1269 3572 1409 3640 adversi·

221 3685 311 3753 tatis.

452 3881 532 3935 xxv
560 3881 705 3951 (uxrut.
734 3913 768 3921 κ
793 3883 842 3935 ul:
867 3882 941 3936 suu
967 3883 1014 3936 ar
1046 3883 1188 3936 currat.
1219 3832 1232 3854 ’

283 4077 348 4146 Sus
378 4084 411 4144 ct
449 4078 564 4144 Laena
597 4076 781 4167 litigabant
812 4077 853 4145 ad
890 4077 1057 4145 invicem.
1091 4080 1157 4143 Sus
1187 4086 1308 4147 autem
1340 4078 1413 4146 dixit

218 4193 329 4259 Lecne
348 4213 355 4260 :
374 4192 416 4259 Et
427 4199 477 4273 tu,
501 4194 537 4259 iu
553 4215 621 4283 quc
640 4199 672 4258 le
690 4187 811 4275 'iactas
835 4216 895 4282 pro
913 4216 982 4284 qua
1007 4217 1043 4260 re
1064 4199 1198 4261 tantam
1215 4194 1367 4263 elevaris
1386 4196 1412 4259 iu

219 4306 420 4395 superbiam
429 4311 444 4374 'l
460 4307 571 4376 Labor
591 4315 672 4376 tuus
692 4309 807 4375 inanis
830 4315 893 4390 est,
911 4315 946 4375 et
967 4331 1047 4376 cum
1072 4331 1133 4397 per
1154 4333 1291 4378 anuum
1312 4330 1411 4379 uuum

217 4421 365 4506 leharea,
383 4446 454 4490 non
470 4430 567 4512 potes
584 4423 712 4491 habere
729 4424 795 4490 nisi
812 4424 969 4491 catulum
986 4447 1111 4491 uuum.
1130 4424 1202 4514 Ege
1223 4426 1373 4494 fecunda
1385 4429 1410 4491 ct

216 4543 314 4628 grata
330 4562 408 4607 sum
426 4540 639 4621 hominibus
663 4548 697 4607 et
713 4562 774 4627 per
789 4539 874 4607 duos
890 4563 1048 4630 quosque
1073 4562 1214 4608 menses
1232 4551 1332 4632 porto
1352 4561 1409 4608 xuu
