3270 5626
693 487 901 539 JOHANNIS
927 485 978 537 DE
1006 487 1223 539 SCHEPEYA

493 687 636 742 xxvttl.
666 717 701 724 -
729 686 893 757 [lllLVL'S
921 687 970 740 ΕΤ
997 684 1207 741 PERDICUM
1236 683 1424 754 CUNEUS.]

828 842 882 899 Do
904 840 1084 899 avaritia.

424 1005 554 1074 Miluus
578 1005 668 1074 vidit
691 1027 842 1073 cuneum
868 1004 1052 1073 Perdicum
1075 1028 1137 1095 per
1164 1006 1231 1074 iter
1253 1006 1506 1097 quiescentem,
1525 1015 1553 1073 et

359 1122 481 1192 volens
496 1145 577 1190 eum
598 1143 719 1212 capere
736 1121 816 1189 iecit
835 1144 871 1188 se
891 1143 1092 1211 supereum
1109 1126 1182 1189 toto
1202 1143 1348 1212 corpore
1367 1143 1374 1190 :
1393 1121 1553 1214 quosdam

358 1239 544 1329 occupauit
567 1236 756 1328 unguibus,
779 1237 950 1327 quosdam
974 1236 1053 1319 alis,
1075 1243 1120 1320 et,
1143 1260 1223 1305 cum
1243 1260 1368 1305 omnes
1392 1260 1555 1328 occupare

358 1355 540 1436 niteretur,
558 1353 765 1444 superuenit
784 1353 1005 1443 Sagittarius,
1024 1358 1058 1419 et
1076 1352 1201 1420 videns
1220 1353 1371 1421 lliluum
1394 1354 1444 1422 sic
1464 1377 1556 1422 occu·

357 1475 491 1560 patum,
509 1469 689 1560 sagittauit
709 1490 806 1551 eum;
825 1474 859 1536 et
878 1490 938 1559 pro
954 1492 1017 1536 sua
1031 1467 1222 1559 cupiditate
1236 1468 1392 1560 perdidit
1408 1471 1555 1560 seipsum

357 1590 392 1651 et
407 1583 563 1673 predam,
576 1585 674 1652 iuxta
688 1583 776 1652 illud
788 1584 932 1674 vulgare
949 1605 956 1651 :
972 1584 1039 1665 Qui
1055 1591 1169 1653 totum
1184 1585 1292 1676 cupit,
1304 1591 1423 1654 totum
1439 1585 1553 1675 perdit.

654 1807 761 1861 xllx.
790 1837 826 1847 -
855 1806 1061 1878 [FORMICAE
1090 1808 1138 1862 ΕΤ
1166 1806 1262 1878 St‘S.]

797 1979 887 2038 Alta
907 1980 956 2039 dc
977 1981 1118 2039 codem.

426 2154 586 2222 Formice
601 2175 663 2244 per
678 2158 784 2220 totam
806 2160 952 2220 estatem
968 2160 1001 2220 et
1021 2160 1254 2242 autumpnum
1273 2155 1455 2245 sollllicitc
1473 2155 1554 2223 labo

357 2277 449 2351 rant,
465 2276 499 2336 et
513 2268 684 2359 colligunt
698 2269 736 2334 in
751 2290 918 2336 aceruum
940 2291 1043 2335 suurn
1060 2292 1171 2357 grana
1187 2268 1317 2351 etalio,
1336 2269 1429 2338 vnde
1445 2273 1554 2338 viuere

357 2385 493 2475 possint
514 2386 552 2451 in
571 2407 687 2476 yeme,
710 2389 756 2466 ct,
771 2406 851 2452 cum
867 2390 980 2452 totum
997 2385 1265 2473 compleuerint,
1280 2387 1380 2453 venit
1395 2387 1465 2454 Sus
1483 2408 1553 2454 cum

358 2500 522 2590 porcellis
548 2499 632 2583 suia,
656 2506 702 2581 et,
728 2522 896 2567 aceruum
921 2497 1094 2588 aperiens,
1116 2499 1285 2590 quiequid
1310 2509 1554 2593 congregatum

359 2622 413 2683 est
431 2613 577 2705 dissipat
592 2622 625 2683 et
640 2615 828 2683 consumit.

424 2731 480 2799 Sic
492 2737 544 2798 est
558 2731 599 2798 de
615 2732 747 2814 auaris,
761 2730 866 2821 quod,
884 2754 964 2799 cum
980 2732 1101 2799 omnia
1116 2714 1426 2823 congregauerint,
1444 2755 1552 2825 super·

361 2847 461 2914 uenit
479 2869 614 2938 yemps,
636 2868 743 2928 mors,
766 2852 896 2936 etpost
920 2853 1068 2915 mortem
1091 2846 1361 2916 archidiaconus
1382 2871 1464 2917 cum
1488 2848 1554 2916 olli

358 2961 438 3029 ciali
454 2969 488 3029 el
501 2963 673 3028 ministris
690 2963 775 3039 suia,
793 2961 848 3028 vel
869 2962 1033 3029 dominus
1053 2969 1188 3030 terreus
1208 2986 1289 3030 eum
1311 2964 1457 3033 balliuis
1477 2966 1551 3037 suis,

357 3084 392 3144 ct
408 3077 537 3144 ommia
551 3077 721 3167 dissipant
738 3083 772 3144 et
785 3085 1011 3161 consumunt,
1023 3078 1118 3146 iuxta
1128 3078 1215 3145 illud
1227 3079 1412 3171 Euangelii
1425 3103 1432 3149 :
1446 3083 1551 3149 lliser.

358 3216 427 3282 que
447 3195 677 3283 congregasti,
700 3193 801 3260 cuius
822 3200 938 3275 erunt,
960 3194 1099 3284 quando
1120 3195 1212 3283 [sint]
1234 3218 1304 3262 non
1328 3201 1400 3277 trra,
1420 3197 1479 3264 sed
1500 3197 1553 3263 ali-

356 3312 479 3376 orum?

428 3532 515 3585 XXX.
546 3563 580 3571 -
610 3533 700 3602 {otu
730 3533 849 3596 SOCll,
879 3532 1053 3599 raum,
1079 3534 1224 3601 t'nttnx,
1254 3535 1302 3588 ET
1331 3536 1481 3607 stuta]

797 3689 848 3745 De
872 3688 1113 3746 Adulactone.

433 3861 507 3927 Duo
527 3860 620 3927 Socii
641 3860 739 3926 ibant
759 3883 821 3950 per
840 3861 947 3942 riam,
970 3868 1004 3929 ct
1023 3862 1111 3929 dixit
1131 3863 1218 3929 alter
1244 3863 1369 3932 alteri:
1400 3865 1556 3932 Firmubo

359 3983 489 4058 tecum,
512 3998 617 4065 quam
634 3975 712 4064 plus
732 3975 895 4043 lucrabor
911 4000 973 4067 per
985 3977 1205 4045 mendacium
1222 4001 1328 4068 quam
1346 3988 1384 4047 tu
1399 4004 1462 4070 per
1477 3980 1557 4048 reri-

359 4099 479 4158 tutem.
509 4091 698 4180 Respondit
720 4114 726 4158 :
750 4093 792 4158 Et
811 4115 875 4182 ego
899 4100 1053 4160 econtra.
1080 4095 1276 4161 Constituto
1301 4096 1420 4186 itaque
1446 4098 1558 4164 lirniu-

357 4208 467 4274 cionis
490 4207 713 4288 certitudine,
745 4206 1007 4297 progredientes
1032 4216 1207 4275 venerunt
1232 4211 1269 4276 in
1291 4213 1482 4299 quemdam
1501 4236 1558 4279 eu-

358 4346 466 4390 neum
483 4325 696 4413 Symiarum,
712 4347 778 4413 que
794 4323 957 4390 dixerunt
974 4323 1167 4390 uiatoribus
1185 4324 1297 4404 :Quid
1309 4326 1411 4394 uobis
1426 4328 1558 4395 ridetur

360 4435 403 4503 do
424 4439 629 4505 comitantia
649 4441 736 4506 ista?
756 4441 797 4507 lit
818 4439 907 4507 dixit
926 4439 1075 4506 mendax
1099 4461 1105 4507 :
1130 4441 1197 4506 l'os
1220 4442 1304 4507 estis
1325 4443 1556 4530 pulcherrima

359 4552 453 4618 iuter
467 4554 586 4619 omniu
602 4555 801 4622 animancia
816 4562 892 4644 post
908 4555 1101 4639 hominem,
1112 4556 1195 4645 quia
1210 4555 1417 4626 hominibus
1431 4562 1557 4649 specia-
