3270 5626
376 482 422 532 258
591 478 762 529 NICOLAl
788 478 920 529 Bozou
949 477 1147 530 EXEMPLA
1171 476 1366 536 QUAEDAM.

491 678 598 733 1v.-
622 646 752 749 tuneo,
778 677 935 732 prunus
960 677 1061 732 suus
1084 674 1131 730 cr
1154 674 1389 747 xccrrrrnn]
1415 674 1466 747 (ι).

445 837 533 927 (Fol.
553 835 660 925 not)
675 876 719 885 -
735 835 831 903 Bnbo
848 836 998 927 (anglice
1017 858 1063 902 on
1076 834 1199 922 becole)
1215 835 1353 925 rogavit
1366 835 1579 925 Accipitrem

379 960 418 1023 ut
437 951 576 1043 pullum
597 974 702 1020 suum
718 953 870 1020 nutriret
885 958 919 1019 et
934 953 970 1019 in
991 951 1093 1018 bonis
1113 949 1272 1019 moribus
1291 949 1472 1035 educaret,
1489 952 1579 1042 quod

379 1067 447 1137 sibi
463 1067 659 1137 concedens
675 1065 782 1157 jussit
797 1067 899 1136 illum
919 1066 1092 1136 adducere
1111 1072 1146 1134 et
1161 1065 1244 1134 nido
1264 1088 1327 1135 suo
1348 1067 1444 1136 inter
1466 1067 1579 1158 pullos

382 1205 465 1253 suos
484 1207 626 1274 ponere.
648 1183 709 1251 Cui
729 1182 817 1251 dixit
837 1182 1010 1272 Accipiter
1030 1179 1124 1272 quod
1143 1180 1181 1248 in
1196 1181 1361 1263 omnibus
1377 1182 1488 1274 pullis
1508 1184 1578 1253 suis

378 1301 615 1369 conformaret
634 1306 669 1368 et
683 1298 826 1367 illorum
842 1298 1090 1367 educacionem
1105 1296 1276 1366 edisceret
1290 1296 1494 1390 diligenter.
1512 1299 1575 1380 Oui

375 1415 556 1506 respondit
571 1438 607 1483 se
622 1423 784 1505 puratum
804 1415 840 1482 in
860 1413 1027 1482 omuibus
1048 1412 1121 1481 suis
1140 1435 1261 1503 parere
1281 1414 1471 1505 mandatis.
1494 1415 1577 1484 Tun·

375 1531 457 1600 dem
473 1531 657 1620 Accipiter,
675 1553 738 1620 pro
754 1530 827 1620 (iol.
846 1530 936 1620 liv)
953 1528 1029 1598 cibo
1042 1527 1233 1620 querendo,
1251 1529 1402 1618 putrium
1420 1530 1574 1614 intravit,

376 1654 410 1715 et
425 1646 565 1716 rediens
581 1652 681 1714 nocte
697 1645 821 1714 nidum
838 1669 942 1714 suum
958 1646 1107 1735 turpiter
1122 1645 1259 1712 invenit
1275 1644 1473 1736 [fedatum].
1487 1647 1575 1727 Que-

376 1763 469 1831 renti
496 1762 565 1830 sibi
595 1762 675 1852 quis
706 1763 755 1829 sic
781 1760 906 1829 nidum
931 1761 1134 1840 maculavit,
1162 1782 1371 1850 responsum
1406 1763 1574 1853 estquod

375 1878 494 1969 pullus
519 1877 673 1946 Bubonis
696 1878 799 1945 illum
823 1876 964 1945 sedavit.
991 1877 1037 1944 A!
1059 1874 1147 1942 dixit
1170 1874 1373 1966 Accipiter:
1399 1880 1471 1967 nyt
1493 1902 1574 1968 pso

372 1993 479 2086 socole
499 1992 628 2080 brydde
647 1993 720 2061 tlrct
737 1992 876 2084 sylpztb
895 1993 958 2081 hys
978 2016 1074 2060 otone
1091 2005 1194 2060 necte.

444 2109 495 2177 lta
515 2115 568 2177 est
590 2107 632 2177 de
648 2107 809 2198 pluribus
831 2115 956 2176 natura
978 2107 1194 2199 ignobilibus
1214 2128 1221 2176 :
1239 2107 1373 2176 scilicet
1394 2109 1484 2199 (roto
1507 2110 1573 2177 ior-

373 2224 474 2315 tune)
495 2224 657 2316 dignitati
677 2224 877 2292 sublimatis
896 2224 953 2291 vel
972 2225 1009 2291 in
1030 2223 1200 2315 religione
1220 2224 1469 2307 existentibus,
1485 2223 1572 2316 quod

372 2328 580 2431 frequenter¹
589 2339 780 2408 ostendunt
795 2340 894 2408 iactis
909 2339 1002 2408 uude
1019 2344 1275 2430 processerunt,
1293 2340 1377 2429 quia
1392 2339 1438 2409 ad
1452 2340 1573 2410 educu-

372 2456 512 2524 cionem
533 2456 737 2546 primarium
758 2479 839 2546 sepe
855 2462 1092 2524 revertuntur.

628 2713 660 2769 v.
685 2743 720 2753 -
746 2713 864 2784 [ruvo
889 2713 936 2767 nr
960 2696 1314 2787 rnennsrruxfflffl.

438 2874 526 2964 (Fol.
549 2873 656 2962 117⁸.)
671 2913 716 2923 -
737 2873 829 2940 Pavo
847 2873 957 2940 semel
972 2879 1185 2962 conquestus
1207 2879 1259 2942 est
1275 2874 1572 2946 predestinacioni

370 2989 463 3081 quod
489 2989 640 3057 multum
661 2988 881 3079 gravabatur,
912 2990 994 3078 quia
1019 2990 1167 3057 nescivit
1186 2997 1327 3059 cantare
1347 2993 1438 3061 sicut
1462 2995 1573 3062 Philo-

371 3128 508 3174 menus.
533 3105 595 3173 Cui
625 3103 806 3194 respondit
828 3105 1088 3172 Predestinacio
1117 3127 1124 3174 :
1153 3104 1241 3195 (Fol.
1270 3107 1361 3196 ms)
1389 3109 1440 3177 Tu
1473 3109 1573 3177 habes

372 3221 503 3290 collum
532 3221 677 3311 longum
708 3226 739 3287 ct
768 3242 993 3310 generosum,
1022 3220 1167 3289 caudam
1198 3221 1339 3313 longum
1365 3223 1408 3292 ud
1432 3231 1571 3301 terrani.

372 3359 504 3426 pennas
533 3335 767 3404 diversimode
793 3343 825 3402 ot
854 3336 1120 3425 pulcherirlinre
1144 3338 1331 3422 coloratas3
1357 3363 1469 3430 quare
1497 3365 1573 3431 ereo

372 3449 523 3519 turbaris
543 3458 577 3519 ct
598 3473 669 3518 non
693 3452 808 3540 potius
833 3451 874 3518 dc
900 3452 1027 3542 graciis
1057 3453 1127 3520 tuis
1153 3455 1381 3533 contentaris,
1408 3477 1491 3524 cum
1515 3457 1572 3525 tibi

372 3568 485 3657 plurie
505 3590 611 3657 quom
632 3566 699 3635 sibi
719 3571 976 3635 consecuntur?

437 3683 516 3752 Ideo
532 3683 617 3751 dicit
634 3682 847 3772 Apostolus:
870 3683 980 3774 Digne
1001 3684 1188 3754 ambuletis
1207 3688 1410 3773 vocacione,
1428 3697 1496 3758 etc.
1517 3694 1572 3778 Ιχ2).

459 3926 507 3982 Vl.
532 3956 567 3966 -
590 3925 693 3996 tune,
719 3924 874 3979 VULPES
901 3923 948 3978 ET
972 3925 1120 3981 xstxts
1145 3927 1277 3983 count:
1301 3929 1488 4005 CARENS}

440 4084 525 4172 (Fol.
547 4084 652 4171 lle.)
669 4123 713 4132 -
729 4082 862 4150 Ultima
877 4083 1036 4151 condicio
1052 4086 1142 4152 asini
1158 4087 1330 4178 estquod,
1353 4112 1437 4159 cum
1454 4117 1589 4161 senne·-

371 4201 428 4283 rit,
455 4200 494 4266 fit
517 4199 723 4276 obliviosus
752 4222 820 4289 quc
847 4199 1000 4267 ostendit
1023 4208 1141 4290 operte
1162 4203 1271 4271 vitam
1298 4206 1480 4277 malorum
1505 4232 1575 4277 csse

374 4316 619 4405 periculosum,
642 4315 725 4405 quia
752 4315 873 4382 asinus
896 4316 964 4383 cito
988 4315 1208 4386 obliviscitur
1232 4318 1298 4387 loci
1326 4322 1364 4388 iu
1388 4346 1460 4414 quo
1484 4328 1576 4416 prius

425 4485 462 4555 (t)
479 4486 637 4554 Comparez
652 4485 757 4550 Eudes,
776 4483 795 4538 f.
812 4501 849 4547 ιν,
865 4486 904 4538 lte
923 4485 1046 4541 liutardo
1060 4493 1085 4542 et
1101 4487 1135 4541 de
1148 4489 1215 4544 nido
1232 4491 1397 4560 Accipitris.

425 4572 463 4642 (2)
479 4574 646 4643 Epictetus.
665 4574 745 4628 Paeti
759 4573 795 4627 ot
807 4573 946 4643 Ephesios,
963 4575 993 4628 C.
1011 4591 1048 4642 rr,
1064 4592 1088 4630 v.
1107 4580 1131 4630 t.
