3270 5626
325 514 329 523 ·
355 497 400 547 uo
683 494 833 545 ODONlS
860 493 1037 548 FABULIS
1063 492 1228 551 ADDH'A,

356 637 538 706 Secundus
561 645 613 707 est
636 640 719 729 quia
743 636 808 705 hoc
829 637 921 729 quod
944 644 1028 706 sunt
1049 637 1105 705 vel
1127 636 1257 705 hahent
1280 635 1395 704 videri
1424 636 1551 705 volunt.

357 753 494 822 Tertius
509 762 561 823 est
580 753 673 845 quod
688 753 813 822 volunt
827 752 938 821 videri
951 776 1057 845 super
1070 752 1172 821 alios.
1189 752 1289 821 Vana
1303 752 1421 844 gloria
1435 753 1564 821 similis

356 868 496 937 videtur
518 870 646 938 vestice
668 870 714 959 (t)
737 870 867 950 intlate,
894 892 975 959 que,
996 868 1135 960 quando
1159 874 1306 936 ventum
1329 868 1484 938 dimittat
1510 870 1557 936 in-

357 983 508 1068 clusum,
526 985 636 1053 nichil
652 986 780 1052 retinet
798 986 867 1051 nisi
884 984 1058 1052 mundum
1074 986 1223 1071 corium.

428 1234 487 1288 llll
514 1233 666 1306 (XLVII).
687 1265 723 1274 -
742 1233 804 1305 [DE
831 1233 955 1290 Asine
981 1234 1110 1291 PELLE
1137 1234 1286 1292 LEONlS
1313 1235 1494 1307 thunre]

425 1410 588 1492 Quidam,
615 1409 747 1479 hahens
768 1411 932 1495 Asinum,
959 1413 1056 1480 omni
1081 1411 1167 1480 hora
1192 1412 1366 1504 cogitabat
1387 1411 1563 1504 quomodo

357 1527 446 1596 bene
467 1533 663 1617 percuteret
685 1550 779 1611 eum,
796 1529 879 1618 quia
899 1526 1019 1596 tardus
1039 1534 1123 1596 erat.
1142 1529 1184 1596 Et
1207 1529 1341 1596 Asinus
1362 1530 1445 1596 eius
1466 1529 1562 1595 omni

359 1642 444 1710 hora
465 1641 638 1734 cogitabat
658 1644 810 1734 qualiter
828 1646 904 1711 eius
921 1643 1069 1714 verbera
1092 1643 1267 1713 evaderet.
1291 1645 1410 1714 Semel
1432 1643 1564 1713 vadens

359 1759 395 1824 in
411 1781 526 1850 grege,
545 1760 682 1826 invenit
702 1760 830 1849 pellem
851 1760 976 1829 Leonis
997 1766 1031 1828 et
1050 1761 1305 1850 circumposuit
1325 1761 1466 1850 corpori
1487 1784 1563 1834 suo.

357 1875 514 1965 cogitans
534 1874 627 1966 quod
647 1877 697 1943 sic
711 1875 780 1943 alia
799 1875 981 1959 animalia,
1003 1882 1166 1966 putantes
1187 1877 1262 1967 (sic)
1285 1899 1370 1944 eum
1397 1877 1569 1949 Leonem.

358 1992 524 2059 timerent
548 1992 664 2080 ipsum
689 1998 722 2059 et
743 1993 849 2059 etiam
872 1992 1043 2059 Dominus
1064 2015 1162 2060 suus.
1185 1991 1427 2061 Proccndente
1446 1997 1588 2061 autent

358 2112 527 2197 tempore,
545 2107 716 2175 Dominus
731 2129 883 2197 querens
903 2108 1053 2176 Asinum
1073 2109 1111 2175 in
1125 2130 1230 2199 grege
1245 2130 1317 2176 non
1337 2109 1490 2191 invenit,
1508 2107 1598 2176 sal

359 2223 549 2312 respiciens
565 2224 602 2290 in
622 2229 778 2290 montem
795 2222 931 2291 audivit
944 2245 1066 2291 vocem
1081 2224 1182 2292 Asini
1202 2230 1236 2291 et
1251 2221 1340 2291 vidit
1355 2247 1442 2292 eum
1462 2246 1593 2301 aures

358 2338 614 2406 extendentem.
637 2338 678 2405 Et
702 2339 819 2406 statim
843 2340 935 2428 cepit
958 2361 1042 2406 eum
1065 2345 1100 2406 et
1122 2338 1352 2407 vehementer
1376 2340 1584 2430 percussit,

357 2476 429 2522 non
451 2452 610 2522 obstante
633 2454 726 2544 quod
746 2455 815 2522 alia
834 2454 1002 2522 animalia
1023 2477 1104 2523 eum
1130 2461 1309 2546 tamquam
1329 2455 1486 2524 Leonem
1508 2455 1577 2523 ha-

357 2568 519 2638 buissent
538 2577 572 2638 et
591 2572 805 2638 timuissent.

424 2685 480 2754 Sic
507 2685 622 2768 multi,
649 2687 710 2776 qui
733 2709 769 2754 se
791 2686 964 2754 extollunt
988 2687 1083 2755 ultra
1107 2686 1140 2754 id
1173 2685 1268 2777 quod
1292 2691 1390 2770 sunt,
1418 2687 1501 2756 licet
1520 2687 1561 2754 ah

358 2800 562 2869 hominibus
578 2802 779 2893 aliqualiter
799 2802 1002 2886 timeantur,
1022 2803 1114 2870 Deus
1134 2809 1252 2870 tamen
1272 2803 1429 2891 percutit
1449 2826 1507 2871 eos
1527 2804 1556 2869 in

358 2918 426 2985 tine
446 2924 565 2985 eterna
583 2940 683 3006 pena,
700 2916 832 2985 ducens
848 2917 888 2986 de
905 2923 1024 2986 monte
1039 2917 1202 3008 superbie
1219 2924 1253 2986 et
1268 2918 1418 2985 mittens
1441 2919 1476 2985 in
1492 2918 1555 2985 ral-

360 3034 428 3100 lem
445 3034 627 3099 exterioris
644 3034 796 3100 miserie.
816 3035 881 3100 Per
898 3035 1047 3101 Asinum
1064 3032 1151 3102 benc
1168 3039 1327 3123 peccator
1342 3033 1550 3125 designatur.

358 3149 453 3238 quia,
476 3149 565 3214 sicut
586 3149 715 3216 Asinus
738 3150 889 3216 multum
910 3156 1023 3238 portat
1048 3151 1084 3217 in
1108 3155 1205 3240 parte
1226 3151 1413 3239 posteriori
1438 3158 1551 3218 elnon

359 3264 395 3329 in
419 3265 598 3345 anteriori,
626 3266 675 3331 sic
698 3272 857 3354 peccator
879 3267 1032 3332 multum
1052 3267 1180 3356 cogitat
1202 3265 1243 3331 de
1264 3266 1378 3333 salute
1405 3267 1548 3356 corporis

358 3386 391 3445 et
412 3402 534 3468 parum
551 3379 593 3446 de
613 3381 744 3456 anima,
767 3403 835 3470 que
853 3387 905 3447 est
925 3383 1091 3448 anterior.

411 3631 486 3685 x111
514 3630 683 3701 (XLVIII).
705 3661 739 3668 —
763 3630 869 3684 NOTA
896 3632 946 3684 DE
976 3631 1113 3685 Sl'llElt
1145 3632 1204 3699 {ET
1234 3632 1509 3687 limitatione&

426 3811 568 3900 Legitur
595 3808 636 3875 de
661 3808 812 3898 quodam
837 3808 987 3875 habente
1015 3832 1122 3875 unam
1143 3810 1306 3900 Symeam
1335 3810 1372 3876 in
1397 3811 1551 3902 apotheca

358 3948 432 4006 sua,
451 3949 519 4014 que
535 3930 608 3992 erat
624 3925 671 3990 ita
692 3947 808 4013 sagax,
826 3923 920 4013 quod
936 3924 1058 3991 nullus
1074 3924 1207 4014 aliquid
1225 3925 1260 3991 in
1277 3948 1318 3992 ea
1339 3926 1455 3993 iurari
1474 3934 1551 4016 pote·

361 4047 423 4120 rat,
441 4040 594 4129 predicta
614 4040 738 4130 Symea
755 4041 841 4128 quin
863 4039 1006 4106 videret.
1025 4039 1182 4120 Quadam
1198 4041 1272 4107 vice
1293 4043 1455 4132 contigit,
1474 4036 1550 4133 quel

360 4179 452 4223 unus
468 4157 638 4224 Mercator
653 4157 799 4223 ueniens
815 4155 902 4222 dixit
917 4154 1060 4222 domino
1077 4154 1255 4244 apotheca.
1269 4156 1362 4245 quod
1381 4158 1489 4225 rcllet
1503 4155 1551 4224 ali·

360 4271 442 4362 quid
461 4273 587 4339 furtive
608 4271 812 4338 subtrahere
829 4271 869 4338 de
890 4270 1070 4361 apotheca,
1088 4270 1334 4338 nonobstante
1352 4293 1546 4361 quamcum-

360 4412 428 4478 que
453 4390 579 4479 Symca
599 4388 799 4455 custodiret.
825 4388 885 4454 llle
908 4394 1046 4476 paetum
1067 4388 1199 4454 sacieus
1224 4410 1303 4454 eum
1325 4387 1394 4455 alio
1422 4395 1454 4456 et
1475 4389 1548 4455 alius

416 4584 452 4654 (1)
472 4585 555 4639 hiasi
572 4601 646 4656 pour
662 4587 764 4639 restra.
