3270 5626
215 490 262 540 ³76
549 487 702 541 ODONIS
729 486 908 541 FABULIS
934 484 1101 546 Annlrn,

232 722 317 778 xxn
343 722 443 794 (tvl).
462 752 498 764 -
516 721 567 777 DE
592 720 759 787 Quoulu
787 719 998 776 lllllllllll'ld
1024 718 1189 776 CONTRA
1214 718 1407 783 nollunt.

312 819 614 885 llURllURANTE,
641 818 740 884 QUIA
766 817 893 872 VlTAhl
920 816 1153 882 lNlQUORUll
1179 817 1222 872 ΙΝ
1248 817 1328 874 noc

428 915 583 973 SECULO
606 916 704 972 ESSE
731 913 980 971 Pnosecnau
1005 914 1053 969 ET
1079 914 1209 971 vrm

348 1014 545 1072 cononum
571 1012 791 1070 Auvnnsau
819 1012 1091 1070 GOllllUNlTEll
1116 1012 1291 1070 asrlclr.

284 1211 466 1281 Heremita
482 1208 627 1301 quidam
643 1210 715 1279 Deo
736 1208 898 1291 deuotus,
914 1207 1040 1277 videns
1057 1209 1292 1299 quamplures
1311 1207 1417 1279 homi·

150 1374 158 1398 1
216 1350 280 1397 nes
306 1327 497 1418 flagitiosos
521 1333 556 1395 et
583 1331 782 1416 peccatores
807 1326 845 1393 iu
871 1324 970 1392 omni
988 1322 1168 1393 mundana
1192 1325 1417 1416 prosperitate

215 1443 381 1535 gaudere,
403 1463 527 1511 omnes
546 1462 631 1510 vero
645 1442 738 1511 iuste
753 1447 788 1510 et
802 1447 922 1510 sancte
938 1440 1097 1510 uiuentes
1111 1440 1245 1510 multas
1259 1445 1298 1510 et
1310 1442 1419 1510 varim

217 1558 469 1627 tribulaciones
497 1563 533 1626 et
554 1555 778 1626 infirmitates
804 1556 1091 1647 paupertatisque
1112 1553 1306 1648 opprobria
1332 1580 1419 1626 eom

215 1675 373 1742 maniter
386 1674 574 1758 sustinere,
591 1680 715 1742 contra
734 1673 925 1742 Dominum
945 1672 1064 1762 sepius
1083 1673 1340 1742 murmurauit.
1359 1672 1420 1743 Vo

215 1788 292 1858 lens
306 1810 390 1857 vero
410 1788 485 1880 (fol.
506 1789 563 1881 lli)
585 1790 677 1873 Deus
690 1810 833 1857 causam
848 1788 937 1857 tanti
956 1785 1055 1857 dubii
1070 1793 1222 1857 euentus
1235 1809 1343 1858 seruo
1359 1809 1420 1858 suo

216 1904 455 1988 manifestare,
473 1905 570 1973 misit
589 1904 657 1973 sibi
671 1904 850 1996 angelum,
865 1903 940 1995 qui,
962 1901 1005 1971 ad
1024 1925 1106 1973 eum
1125 1903 1288 1986 veniens,
1305 1925 1419 1976 smum

217 2020 268 2089 ire
287 2021 455 2111 precepit.
477 2019 557 2104 Qui,
577 2020 684 2088 simul
704 2019 975 2110 proficiscentes,
995 2025 1169 2088 venerunt
1187 2019 1307 2110 prima
1324 2025 1420 2093 noete

217 2135 260 2206 ad
276 2135 475 2227 hospicium
491 2134 672 2205 cuiusdam
687 2135 963 2226 patrisfamilias,
976 2135 1038 2226 qui
1048 2135 1162 2204 Deum
1173 2136 1333 2209 multum
1345 2134 1421 2205 dili·

217 2251 332 2344 gebat,
350 2258 385 2322 ct
399 2251 526 2321 deuote
538 2273 578 2320 ac
593 2257 686 2320 recte
699 2249 858 2331 viuehat3
870 2250 931 2342 qui
946 2272 1018 2331 eos,
1029 2249 1284 2340 hospitalitatis
1297 2252 1418 2343 gratia,

217 2368 353 2436 curiose
373 2368 528 2456 suscepit
546 2373 582 2436 et
595 2366 748 2458 benigne
767 2372 963 2457 cunctaque
991 2365 1043 2434 eis
1056 2367 1257 2435 necessaria
1272 2365 1421 2436 libenter

217 2481 451 2566 ministrabat,
468 2492 503 2551 et
520 2480 562 2551 dc
577 2481 729 2573 quodam
749 2480 853 2572 cipho
872 2481 940 2550 sibi
960 2479 1061 2550 valde
1079 2503 1173 2564 caro,
1190 2503 1301 2574 quem
1319 2504 1422 2572 super

216 2599 336 2668 omnia
362 2597 542 2669 mundana
570 2596 755 2688 diligebat,
779 2603 901 2686 potum
929 2597 981 2665 eis
1011 2596 1249 2668 ministrabat.
1279 2598 1339 2667 Set
1363 2620 1422 2666 an·

216 2714 316 2805 gelus
335 2721 369 2783 et
388 2713 561 2783 heremita
580 2735 684 2781 mane
701 2717 885 2804 surgentes
904 2710 1032 2781 abinde
1051 2699 1285 2782 recesserunt.
1306 2715 1421 2805 Ange·

216 2830 272 2899 lus
287 2853 371 2900 vero
386 2829 529 2921 ciphum
546 2834 769 2922 prenotatum
790 2850 908 2896 secum
930 2829 1137 2918 asportauit,
1155 2826 1331 2899 heremita
1348 2829 1420 2897 solo

220 2944 369 3021 vidente.
387 2944 552 3012 omnibus
567 2944 647 3013 aliis
667 2942 924 3035 ignorantibus.
942 2943 985 3012 Et
998 2944 1048 3011 sie
1063 2942 1268 3012 recedentes
1282 2944 1325 3014 ad
1342 2944 1421 3012 hos-

218 3063 349 3151 picium
370 3061 553 3128 cuiusdam
576 3062 643 3128 viri
663 3061 827 3150 flagitiosi
847 3066 882 3127 et
901 3060 1044 3150 pessimi
1069 3066 1169 3127 nocte
1192 3061 1305 3128 altera
1320 3083 1419 3128 rene

219 3183 312 3256 runt,
329 3175 421 3264 apud
435 3199 553 3267 quem,
571 3176 653 3243 licet
672 3175 774 3244 corde
795 3175 963 3242 maliuolo
980 3176 1121 3267 recepti,
1140 3174 1311 3266 hospitati
1327 3182 1417 3244 sunt.

217 3292 279 3360 Cui
296 3292 443 3381 angelus
459 3291 561 3358 illum
576 3289 720 3383 ciphum
734 3290 871 3373 tribuit,
889 3297 934 3372 et,
953 3292 1003 3358 sic
1018 3289 1060 3358 ab
1077 3290 1138 3358 illo
1154 3313 1259 3359 mane
1278 3291 1421 3381 deptce

217 3406 349 3489 dentes,
371 3406 414 3474 ad
436 3408 604 3495 palatium
624 3405 807 3474 cuiusdam
828 3406 897 3472 viri
918 3406 1071 3496 potentis
1094 3406 1197 3473 tertia
1217 3414 1323 3475 nocte
1342 3414 1421 3475 sunt

218 3522 360 3612 recepti.
377 3523 457 3589 Erat
482 3529 600 3590 autem
626 3521 674 3589 ihi
694 3521 838 3611 quidam
864 3521 1089 3604 senescallus,
1111 3519 1154 3589 ad
1174 3521 1277 3590 cuius
1298 3529 1422 3591 nutum

219 3641 337 3706 omnia
357 3637 566 3728 pendebant,
589 3659 657 3728 que
672 3637 713 3704 ad
735 3636 917 3704 dominum
942 3635 1025 3704 dicti
1047 3636 1165 3726 palatij
1187 3639 1421 3727 quouismodo

217 3755 452 3845 pertinebant.
470 3754 570 3822 Mane
590 3759 708 3820 autem
725 3754 825 3832 lacto,
844 3752 991 3842 angelus
1008 3759 1043 3818 et
1062 3750 1236 3821 heremita
1252 3760 1422 3822 exeuntes

218 3872 432 3938 inuenerunt
448 3869 581 3937 dictum
597 3868 831 3936 senescallum
847 3874 998 3935 stantem
1019 3890 1125 3956 super
1143 3874 1289 3957 pontem
1305 3871 1421 3938 cuius-

217 3986 296 4054 dam
317 3986 434 4077 magni
460 3985 630 4067 ssuminis,
658 4005 763 4074 quem
788 3985 947 4074 angelus,
970 3983 1007 4050 in
1032 3984 1160 4050 vertice
1182 3985 1310 4072 capitis
1332 3986 1422 4053 acei-

217 4103 328 4192 piens,
354 4104 391 4169 in
415 4100 628 4193 protundum
654 4100 811 4189 proiecit,
836 4099 896 4166 vhi
918 4099 1078 4188 protinus
1102 4101 1294 4188 expirauit.
1319 4101 1423 4168 Proli-

216 4219 386 4286 ciscontes
406 4224 523 4285 autem
538 4217 719 4307 {venerunt
743 4221 869 4304 quarta
887 4220 989 4282 nocte
1009 4212 1053 4282 ad
1071 4212 1216 4281 domum
1238 4216 1420 4284 cuiusdam

215 4334 283 4401 viri
298 4333 488 4423 coniugati,
507 4333 568 4421 qui
589 4331 630 4399 de
646 4354 753 4399 uxore
775 4354 837 4398 sua
858 4336 994 4398 tantum
1008 4352 1117 4397 vnum
1134 4331 1309 4399 infantem
1325 4333 1420 4400 noui·

106 4512 111 4521 .
216 4455 410 4517 tornatum
431 4449 501 4514 iam
523 4449 560 4514 in
581 4446 756 4515 cunabilis
771 4447 974 4536 uagientem
995 4444 1161 4524 habebat;
1184 4444 1228 4513 de
1244 4470 1316 4537 quo
1336 4447 1417 4515 mul-

215 4571 290 4631 tum
313 4563 498 4655 gaudebat.
523 4567 618 4642 Quos
640 4562 712 4643 ille,
734 4583 815 4628 cum
831 4560 958 4650 gaudio
978 4560 1185 4649 suscipiens,
1209 4564 1331 4631 omnia
1352 4563 1415 4630 illis
