3270 5626
323 495 474 548 onouls
500 496 553 548 DE
580 496 792 550 caulreua
818 496 1064 549 PARABOLAE.
1248 499 1294 548 267

92 639 154 729 qui
176 638 400 707 ministrabat
419 640 595 730 religioso,
618 654 698 709 cum
719 639 849 708 rediret
870 664 890 709 a
910 641 1064 721 ciuitate,
1087 638 1247 708 deterens
1262 641 1295 708 ei

93 777 234 845 panem,
251 756 343 824 sicut
363 764 606 825 consueuerat.
625 756 691 826 Sed
713 758 849 825 intrans
874 756 1012 839 cellam,
1039 755 1179 823 inuenit
1201 755 1294 845 quod

92 870 292 938 comederat
310 893 392 939 eum
408 871 532 955 bestia,
554 878 589 940 et
603 872 731 941 cadens
752 872 931 941 infaciem
950 872 1021 939 ait:
1045 870 1205 952 Domine,
1223 894 1294 939 non

93 1009 236 1077 surgam
252 985 361 1055 donec
376 994 551 1055 monstres
566 988 655 1056 mihi
671 987 847 1080 quomodo
868 987 926 1055 ille
948 987 1079 1077 impius
1098 993 1170 1054 tam
1187 987 1296 1055 hono-

93 1103 190 1170 rifice
206 1102 364 1190 sepultus
384 1109 419 1170 et
438 1103 502 1170 iste
523 1109 666 1171 sanctus
689 1103 752 1172 hee
772 1125 896 1194 passus
911 1103 969 1169 sit.
991 1103 1033 1169 Et
1052 1124 1131 1171 eece
1147 1103 1295 1194 angelus

92 1218 143 1285 ait
162 1217 216 1284 illi
239 1238 246 1285 :
269 1217 332 1285 llle
347 1218 478 1308 impius
495 1218 532 1285 in
548 1219 666 1288 seculo
682 1221 814 1310 recepit
828 1216 1009 1311 gaudium,
1026 1218 1118 1285 utin
1138 1218 1208 1286 alio
1223 1240 1295 1285 non

95 1332 241 1401 haberet
265 1333 436 1424 requiem.
467 1333 534 1403 lste
565 1341 707 1402 sanctus
732 1333 885 1402 habebat
911 1332 1046 1424 aliquid
1070 1333 1184 1422 culpe,
1211 1333 1294 1423 quia

92 1449 271 1518 delectum
293 1455 346 1517 est
360 1450 407 1539 (l)
429 1450 467 1518 in
491 1450 557 1519 hoc
576 1448 710 1541 quoda
735 1448 847 1518 bestia
867 1449 1072 1517 interfectus
1092 1456 1156 1531 est,
1179 1455 1218 1516 ut
1242 1471 1294 1516 re-

91 1566 213 1656 quiem
234 1571 391 1633 eternam
411 1566 584 1634 inueniat.
606 1566 647 1632 Et
661 1565 935 1655 ,(in)eonsolatus
950 1565 1011 1656 qui
1031 1564 1190 1633 audierat
1208 1565 1296 1633 rele-

94 1680 191 1749 rebat
206 1681 336 1771 gratias
355 1680 512 1749 domino.
788 1659 791 1665 ’

165 1923 196 1976 l'.
226 1952 262 1962 -
290 1923 340 1976 DE
368 1922 540 1988 Quanam
568 1923 745 1978 nortiam
775 1923 909 1978 VALDE
937 1923 1148 1979 llTlliIOSll
1175 1923 1222 1994 (ἓ).

157 2079 317 2162 Quodam
349 2081 525 2163 monialis,
560 2080 663 2151 ualde
697 2082 882 2173 litiglilosa
915 2081 1000 2150 dum
1034 2083 1184 2164 uixerat,
1215 2085 1291 2172 post

92 2203 243 2266 mortem
271 2199 309 2265 in
337 2198 485 2266 ecclesia
510 2198 647 2289 sepulta
674 2203 739 2266 est.
776 2198 815 2265 ln
846 2204 949 2266 noete
983 2198 1145 2288 sequenti
1174 2202 1291 2265 custos

91 2313 238 2383 ecclesie
259 2336 322 2404 per
339 2313 595 2383 reuelationem
614 2312 705 2383 uidit
723 2335 801 2382 eam
821 2319 903 2381 ante
922 2312 1030 2381 altare
1050 2311 1289 2403 permedium

90 2430 216 2528 siccari
236 2429 297 2519 (3).
323 2428 437 2498 Media
461 2452 541 2520 pars
565 2430 647 2520 igne
671 2428 906 2512 cremabatur,
928 2428 1038 2496 altera
1062 2450 1141 2518 pars
1164 2429 1295 2496 intacta

92 2544 308 2614 remanebat.
336 2544 423 2614 Cum
451 2551 569 2614 custos
597 2545 742 2614 ecclesie
772 2551 932 2612 narraret
960 2543 1023 2612 hec
1045 2544 1156 2612 altera
1179 2542 1235 2611 die
1261 2549 1296 2612 et

91 2661 294 2729 ostenderet
312 2661 429 2729 locum
448 2661 559 2751 ipsius
580 2661 731 2744 llamme,
754 2659 937 2728 combusto
954 2660 1001 2751 (l)
1017 2659 1181 2749 apparuit
1200 2659 1296 2749 (h)ac

92 2778 122 2844 si
143 2777 270 2846 luisset
284 2777 365 2868 igne
382 2776 555 2845 materiali
576 2783 741 2845 cremata.

159 3018 209 3072 vr.
240 3048 276 3058 -
301 3018 351 3075 ea
377 3018 548 3085 uuonan
575 3018 778 3075 nrrscoro
806 3019 855 3073 nr
882 3017 978 3073 esus
1004 3016 1161 3072 uuerco
1187 3016 1235 3070 nr

543 3116 766 3172 causrnmo
794 3116 841 3188 (5).

158 3275 259 3344 Vnde
271 3275 414 3367 quidam
425 3277 619 3366 episcopus,
631 3298 750 3344 secum
762 3274 894 3342 hahens
906 3273 1085 3342 medicum
1100 3272 1143 3341 ad
1153 3294 1298 3340 conser-

93 3393 272 3460 uationem
287 3393 442 3482 eorporis
458 3399 493 3460 et
512 3414 623 3460 unum
643 3391 804 3483 legistam
825 3390 867 3458 ad
883 3389 1189 3458 conseruationem
1205 3394 1296 3456 tem·

94 3508 278 3597 poralium,
303 3509 365 3598 (et)
386 3509 424 3575 in
444 3506 686 3576 exactionibus
705 3505 891 3596 adquieuit
912 3506 1048 3597 legista,
1074 3505 1110 3571 in
1137 3503 1296 3572 delicatis

93 3624 232 3693 cibariis
251 3623 434 3715 adquieuit
455 3623 606 3692 medico.
628 3621 783 3691 Tandem
804 3622 961 3691 medicus
981 3619 1076 3689 dedit
1096 3621 1129 3687 ei
1150 3618 1296 3687 medici-

95 3763 172 3808 nam
189 3748 223 3808 et
239 3741 373 3808 ventris
389 3739 589 3823 humorem,
607 3738 641 3806 id
657 3744 711 3807 est
731 3739 886 3806 animam
907 3737 1083 3828 purgauit.
1102 3735 1201 3803 Vnde
1225 3734 1297 3823 epi-

95 3879 217 3948 scopus
226 3856 390 3924 laborans
400 3856 438 3924 in
449 3855 616 3924 extremis
631 3856 700 3923 ait:
715 3854 808 3922 Duos
824 3855 993 3944 pessimos
1009 3851 1097 3918 mihi
1110 3850 1295 3931 associum,

22 3978 24 3983 '
98 3994 197 4053 unus,
207 3972 342 4040 seilicet
354 3971 645 4064 legista,abstulit
658 3971 746 4038 mihi
761 3971 930 4051 animam,
941 3968 1032 4036 alius
1047 3989 1144 4048 uero,
1156 3986 1294 4054 eorpus.

147 4150 185 4222 (l)
200 4151 278 4206 laisez
295 4168 303 4206 ε
319 4151 394 4221 quod
405 4150 524 4206 deletum
535 4155 584 4206 cet.

147 4239 183 4311 lt)
199 4241 293 4312 Voyez
310 4240 337 4296 le
353 4243 451 4294 meme
466 4256 596 4295 sermon.

148 4330 184 4399 (3)
199 4330 278 4385 Lisez
292 4346 299 4384 :
314 4330 413 4384 secari.

149 4418 185 4490 (t)
200 4418 278 4474 lisez
295 4418 469 4475 :combreto

149 4507 184 4579 (5)
199 4509 344 4564 [lominica
358 4514 462 4578 quarta
478 4508 507 4562 ln
523 4507 689 4574 aduentum,
705 4504 855 4562 secuudum
871 4504 1031 4567 iohannem,
1050 4503 1093 4556 .i·.
1107 4531 1142 4543 -
1157 4501 1298 4555 Miserunt

104 4595 175 4652 ludei
187 4598 223 4652 ab
238 4597 441 4653 lherosolimis
453 4596 621 4653 sacerdotes
637 4601 666 4651 et
682 4595 798 4651 leuitas.
