3270 5626
278 492 449 546 NICOLAI
473 493 606 545 BOZON
635 494 834 546 uxuribus
860 493 1055 553 QUAEDAM.
1221 495 1266 543 257

61 667 124 735 pro
138 662 259 710 amore
280 639 359 707 Dei!
377 638 565 706 Transicns
580 661 642 728 per
657 644 743 721 sata,
760 638 895 728 sumpsi
917 637 1111 705 buccellam
1132 637 1173 705 dr
1189 661 1267 706 axc-

61 761 117 827 nis
143 758 252 825 unius
279 753 447 835 bominiS,
469 759 503 821 et
527 776 589 842 pro
614 760 710 822 tanto
735 776 813 821 sum
838 753 1047 821 constrictus
1067 752 1110 820 ad
1132 755 1266 821 curiam

14 939 17 943 .
61 881 215 944 vestram
235 891 450 959 comparare.
472 869 664 959 Respondit
680 870 747 937 Leo
772 890 780 937 :
804 868 895 936 Malo
915 875 1072 959 tempore
1096 869 1207 936 velles
1230 876 1267 936 tu

60 990 242 1059 destruere
263 984 414 1076 probum
434 984 634 1052 bominem!
658 986 700 1052 Et
719 983 807 1052 dixit
826 983 1016 1052 clientibus
1037 990 1072 1053 et
1092 985 1267 1053 scutiferis

61 1107 168 1175 suis:
201 1103 319 1171 Primo
347 1100 486 1168 fortiter
513 1100 721 1169 verberetur
749 1101 880 1167 Asinus
905 1107 939 1167 ot
971 1107 1090 1190 postea
1118 1100 1267 1191 flagellis

62 1217 359 1308 conscilnldetur!

131 1335 182 1403 lta
202 1335 298 1403 enim
314 1336 367 1400 est
387 1331 489 1399 modo
510 1332 548 1398 in
567 1330 700 1399 mundo
720 1337 755 1399 ct
774 1333 811 1399 in
834 1332 989 1400 Ecclesia
1009 1331 1050 1400 de
1071 1331 1213 1422 prelatis
1235 1340 1268 1401 et

62 1452 232 1532 baillivis,
255 1446 480 1539 parcentibus
500 1447 572 1514 illis
592 1449 653 1538 qui
674 1453 757 1515 sunt
772 1448 892 1539 magni
912 1454 947 1515 et
965 1454 1136 1538 potentes,
1155 1455 1189 1516 et
1207 1472 1268 1540 op-

64 1570 225 1660 primunt
244 1564 423 1655 simplices
442 1568 477 1632 et
496 1563 653 1631 asininos
677 1562 838 1631 homines
858 1563 991 1652 pluries
1016 1564 1092 1632 sine
1119 1565 1266 1633 ratione.

357 1851 397 1906 n.
423 1881 454 1890 -
482 1851 643 1921 [verris
667 1849 714 1904 nr
738 1851 909 1923 anavus]
935 1853 983 1923 (n.

134 2048 225 2139 (Fol.
254 2047 362 2136 llll.)
384 2087 429 2097 -
457 2047 522 2115 llic
551 2045 619 2114 dici
650 2053 762 2135 potest
790 2045 910 2115 fabula
937 2046 1113 2137 quomodo
1139 2049 1270 2116 Corvus

67 2166 200 2236 volavit
219 2186 301 2232 cum
321 2184 420 2230 caseo
440 2163 477 2229 in
493 2182 570 2243 ore;
592 2161 685 2253 quod
700 2184 848 2230 cernens
863 2162 988 2253 Vulpis
1008 2161 1098 2229 dixit
1112 2162 1178 2232 sibi
1197 2185 1204 2231 :
1222 2164 1268 2231 A!

66 2282 216 2351 Domine
232 2280 336 2359 Deus,
359 2276 452 2368 quod
473 2285 510 2344 tu
530 2300 567 2345 es
587 2276 708 2366 pulcra
728 2279 815 2358 avia,
838 2283 872 2345 et
893 2277 1044 2346 multum
1063 2278 1156 2347 fores
1176 2302 1272 2347 com-

66 2395 293 2478 mcndabilis,
316 2395 344 2461 si
365 2398 524 2461 cantares
544 2394 593 2460 ita
613 2392 701 2460 bene
722 2393 813 2460 sicut
833 2399 930 2483 pater
949 2398 1031 2462 tuus
1051 2395 1149 2463 facil!
1171 2394 1271 2462 Alius

65 2512 219 2604 appeciit
243 2507 376 2592 laudes,
399 2515 435 2576 ot
454 2509 616 2599 aperiens
636 2531 675 2575 os
697 2507 740 2576 ad
766 2509 993 2590 cantandum,
1015 2510 1134 2578 statim
1153 2511 1273 2578 amisit

66 2627 228 2696 c’aseum.
247 2622 354 2707 Vade,
371 2623 461 2691 dixit
474 2622 612 2713 Vulpis,
631 2624 715 2690 satis
732 2622 843 2691 babeo
858 2623 900 2692 de
921 2631 1026 2692 cantu
1042 2631 1113 2693 tuo.

312 2930 369 2984 ιιι.
390 2959 425 2969 -
450 2928 611 3000 [nnvns
640 2929 688 2982 nr
713 2928 945 3001 rxnrnanx]
974 2931 1022 3001 (a).

134 3137 224 3228 (Fol.
242 3135 348 3223 116⁸.)
358 3174 403 3184 -
415 3132 549 3201 Fabula
564 3131 606 3201 de
622 3133 688 3201 boc
703 3156 765 3223 per
776 3156 876 3202 avem
892 3150 960 3225 que
976 3141 1120 3203 vocatur
1134 3136 1271 3227 anglice

69 3250 280 3348 aputtoclce,
299 3248 390 3319 etde
411 3246 615 3338 Lampreda.
639 3248 733 3316 Dixit
751 3249 870 3339 alaltal
891 3271 897 3318 :
917 3250 996 3333 Ubi,
1014 3250 1155 3318 ubit-
1177 3252 1273 3319 Ultra

69 3393 178 3452 marc,
201 3364 383 3458 respondit
402 3365 483 3446 illa3
507 3370 541 3431 et
560 3362 649 3432 dixit
669 3363 886 3454 Lampreda:
909 3366 976 3433 Pro
996 3390 1065 3456 qua
1085 3370 1211 3435 causa?
1229 3406 1273 3418 -

71 3482 287 3576 Respondit:
310 3479 427 3550 Occidi
448 3501 556 3547 unam
572 3479 772 3547 columbam
792 3502 854 3569 pro
874 3503 944 3571 qua
963 3504 1086 3550 omnes
1101 3482 1273 3551 columbas

71 3599 300 3670 offenduntur
314 3604 348 3665 et
368 3596 630 3664 comminantur
650 3595 770 3663 michi.
792 3596 942 3665 -Cum
963 3597 1092 3688 quibus
1112 3600 1221 3666 armis
1240 3602 1275 3666 ct

72 3741 137 3809 quo
163 3718 403 3783 instrumento
431 3711 545 3778 fecisti
574 3709 665 3778 hanc
689 3733 764 3779 rem
791 3712 1031 3780 maliciosam'?
1056 3713 1144 3782 dixit
1172 3713 1274 3781 Lam-

74 3833 189 3922 preda.
211 3869 257 3880 -
271 3826 358 3895 Vid'c
378 3832 531 3895 rostrum
553 3848 673 3894 meum
693 3825 807 3895 adbuc
832 3828 1157 3918 sanguinolentum.
1180 3828 1273 3895 Dixit

73 3947 131 4016 illa
148 3970 156 4016 ε
176 3947 367 4015 Revertero
382 3942 459 4010 sinc
476 3962 574 4009 mora
591 3962 599 4008 ε
622 3932 751 4009 melius
767 3941 926 4034 estquod
946 3942 1139 4012 confundas
1162 3943 1272 4012 solam

74 4064 221 4151 patriam
240 4081 348 4151 quam
369 4064 482 4126 totum
504 4055 690 4125 mundum.
708 4058 806 4126 Sicut
824 4057 953 4128 dicitur
976 4081 982 4127 :
1005 4061 1129 4128 Melior
1145 4060 1272 4150 estqui

74 4175 257 4248 abscondit
275 4173 467 4244 stulticiam
488 4194 600 4265 suam.
618 4172 720 4242 Paov.
741 4174 801 4263 (3).

129 4403 165 4474 (l)
181 4405 342 4471 Comparez
354 4397 461 4461 Eudes,
477 4396 496 4451 l.
513 4412 577 4460 uxr,
594 4398 632 4451 ne
645 4397 728 4454 caseo
743 4404 769 4453 ct
783 4399 880 4456 Coruo.

130 4492 164 4561 lt)
180 4493 341 4560 Comparez
353 4485 459 4551 Eudes,
472 4483 493 4540 f.
506 4501 546 4550 ιι,
560 4486 600 4541 De
614 4486 724 4541 (ticonio
739 4492 765 4542 et
782 4490 882 4545 erre.

132 4581 165 4651 (3)
180 4581 244 4635 Non
259 4594 313 4651 pas
326 4576 407 4632 liber
421 4573 643 4639 treventinum,
660 4575 734 4630 mais
748 4577 966 4647 Ecclesiasticus,
980 4580 1010 4634 C.
1024 4596 1080 4646 xm,
1096 4596 1122 4635 v.
1137 4581 1180 4635 ¹8.
1212 4606 1215 4611 ·

1120 4696 1148 4744 ll
