3270 5626
326 489 476 543 ononis
502 491 553 544 DE
582 491 793 543 cualrouu
819 492 1004 544 FABULAE.
1217 499 1263 548 255

63 633 219 701 ministri
235 632 329 724 quod
351 634 496 702 missam
511 634 705 704 dimitteret
719 641 755 703 et
768 636 916 725 fugeret.
933 637 976 704 Et
994 637 1172 727 respondit
1193 640 1263 730 epi-

63 770 203 838 scopus,
227 749 332 839 quod,
349 750 379 817 si
401 755 475 818 tota
492 749 578 818 villa
605 749 747 819 deberet
776 750 935 833 cremari,
963 773 1036 820 non
1058 752 1258 824 dimitteret.

62 863 263 933 Celebrauit
282 871 413 947 autem,
435 871 471 933 et
489 865 527 933 in
546 866 615 934 fine
636 865 741 934 misse
765 866 895 956 glacies
912 867 949 933 in
969 888 1096 958 aquam
1117 871 1263 937 remissa

62 987 116 1048 est
130 986 166 1048 et
185 981 305 1048 anima
325 979 485 1061 liberata,
505 987 539 1049 et
559 982 664 1072 ignis,
687 1003 792 1071 quem
814 1004 850 1048 se
871 980 1000 1050 vidisse
1024 981 1259 1067 crediderunt,

64 1103 233 1186 tanquam
252 1096 425 1165 fantasma
439 1097 583 1165 recessit
595 1104 630 1165 et
645 1096 814 1164 damnum
829 1097 970 1166 nullum
986 1098 1119 1167 intulit.
1133 1099 1258 1169 Amen.

233 1324 367 1401 lxxxi.
391 1375 427 1386 -
452 1346 503 1400 na
527 1345 648 1414 aueo,
674 1345 806 1401 vuapa
830 1345 876 1401 ar
899 1343 1025 1404 asmo
1043 1348 1091 1420 (1).

129 1521 219 1610 (Fol.
237 1521 328 1611 all).
343 1521 459 1615 Semel
476 1522 593 1612 Lupus
608 1516 746 1590 audiuit
764 1522 974 1592 animalium
989 1523 1256 1607 confessionem,

61 1645 97 1707 et
112 1659 195 1706 cum
206 1637 319 1706 multa
333 1660 376 1705 ex
391 1636 441 1706 eis
454 1637 606 1706 fuissent
620 1637 687 1707 sibi
700 1660 827 1729 magna
841 1646 980 1727 peccata
993 1640 1164 1722 confessa,
1183 1649 1259 1709 tan-

62 1730 149 1821 dem'
164 1751 295 1842 Vulpes
303 1750 404 1834 dixit,
419 1752 513 1843 quod
535 1753 665 1821 mullas
677 1753 828 1844 gallinas
840 1755 955 1843 rapuit
973 1761 1007 1823 et
1019 1754 1170 1823 comedit
1186 1779 1257 1824 non

63 1867 313 1952 benedicendo,
333 1876 367 1936 et
383 1869 434 1935 sic
454 1869 496 1937 de
517 1869 608 1936 aliis.
630 1869 812 1936 Postremo
832 1867 930 1937 uenit
942 1870 1085 1953 Asinus,
1103 1872 1164 1961 qui
1179 1895 1259 1940 con·

62 1984 177 2053 lessus
199 1989 251 2051 est
271 1990 306 2050 et
325 1983 437 2051 dixit:
461 1984 531 2074 Ego
546 1983 704 2051 subtraxi
723 2006 835 2051 unum
856 2006 1006 2074 paruum
1028 1985 1158 2076 gelima
1174 1987 1256 2070 leni,

60 2098 154 2190 quod
169 2096 342 2167 ceciderat
360 2098 500 2167 cuidam
522 2098 564 2167 de
588 2121 707 2178 curru,
730 2105 765 2167 et
786 2097 850 2166 hoc
872 2100 940 2167 feci
956 2105 1097 2189 propter
1115 2101 1256 2184 famem,

59 2237 167 2306 quam
175 2213 343 2305 patiebar.
361 2214 456 2282 Dixit
466 2214 584 2305 Lupus
599 2212 642 2282 ad
656 2214 807 2304 Vulpem
826 2213 895 2282 :Tu
913 2236 985 2282 non
1001 2217 1164 2304 peccasti,
1176 2217 1258 2306 quia

60 2336 112 2398 est
126 2328 194 2397 tibi
207 2330 370 2397 innatum
382 2335 416 2397 et
429 2329 600 2412 naturale,
615 2334 655 2396 ut
667 2327 781 2418 rapias
796 2328 963 2418 gallinam
976 2328 1035 2397 sed
1051 2329 1257 2401 maledictus

59 2447 104 2513 sit
125 2445 271 2526 Asinus,
293 2445 354 2535 qui
376 2444 533 2513 alienum
557 2442 746 2513 subtraxit!
771 2444 813 2511 Et
832 2444 881 2511 sic
904 2442 1087 2513 mandauit
1106 2446 1256 2515 Asinum

59 2565 241 2653 percutere
266 2566 300 2628 et
327 2561 557 2628 sententiauit
583 2582 664 2629 eum
686 2560 758 2628 fore
787 2559 975 2649 suspendio
1005 2558 1173 2650 dignum;
1197 2562 1255 2632 sed

59 2676 210 2767 Vulpem
229 2673 364 2744 dimisit
387 2677 535 2745 illesam.

54 2878 59 2886 ·
111 2826 257 2956 (livi-sa
