<?xml version="1.0" encoding="UTF-8"?>
<!DOCTYPE html PUBLIC "-//W3C//DTD XHTML 1.0 Transitional//EN"
    "http://www.w3.org/TR/xhtml1/DTD/xhtml1-transitional.dtd">
<html xmlns="http://www.w3.org/1999/xhtml" xml:lang="en" lang="en">
 <head>
  <title>
</title>
<meta http-equiv="Content-Type" content="text/html;charset=utf-8" />
  <meta name='ocr-system' content='tesseract 3.04.00' />
  <meta name='ocr-capabilities' content='ocr_page ocr_carea ocr_par ocr_line ocrx_word'/>
</head>
<body>
  <div class='ocr_page' id='page_1' title='image "./lesfabulistesla00hervgoog_0420.png"; bbox 0 0 3270 5626; ppageno 0'>
   <div class='ocr_carea' id='block_1_1' title="bbox 219 455 1097 521">
    <p class='ocr_par' dir='ltr' id='par_1_1' title="bbox 219 455 1097 521">
     <span class='ocr_line' id='line_1_1' title="bbox 219 455 1097 521; baseline 0.007 -16"><span class='ocrx_word' id='word_1_1' title='bbox 219 457 265 507; x_wconf 77' lang='lat' dir='ltr'>roa</span> <span class='ocrx_word' id='word_1_2' title='bbox 547 455 700 509; x_wconf 84' lang='lat' dir='ltr'>ODONIS</span> <span class='ocrx_word' id='word_1_3' title='bbox 727 457 905 511; x_wconf 78' lang='lat' dir='ltr'>FABULIS</span> <span class='ocrx_word' id='word_1_4' title='bbox 932 458 1097 521; x_wconf 77' lang='lat' dir='ltr'>ADDlTA,</span> 
     </span>
    </p>
   </div>
   <div class='ocr_carea' id='block_1_2' title="bbox 286 663 1359 764">
    <p class='ocr_par' dir='ltr' id='par_1_2' title="bbox 286 663 1359 764">
     <span class='ocr_line' id='line_1_2' title="bbox 286 663 1359 764; baseline 0.005 -19"><span class='ocrx_word' id='word_1_5' title='bbox 286 691 342 745; x_wconf 85' lang='lat' dir='ltr'>vn</span> <span class='ocrx_word' id='word_1_6' title='bbox 368 691 493 764; x_wconf 77' lang='lat' dir='ltr'>(run).</span> <span class='ocrx_word' id='word_1_7' title='bbox 513 721 550 733; x_wconf 92' lang='lat'><em>-</em></span> <span class='ocrx_word' id='word_1_8' title='bbox 573 692 636 763; x_wconf 78' lang='lat' dir='ltr'>[ns</span> <span class='ocrx_word' id='word_1_9' title='bbox 664 691 885 747; x_wconf 78' lang='lat' dir='ltr'>vnuxronn</span> <span class='ocrx_word' id='word_1_10' title='bbox 913 663 962 746; x_wconf 77' lang='lat' dir='ltr'>nr</span> <span class='ocrx_word' id='word_1_11' title='bbox 990 693 1124 748; x_wconf 74' lang='lat' dir='ltr'>enare</span> <span class='ocrx_word' id='word_1_12' title='bbox 1152 692 1359 764; x_wconf 71' lang='lat' dir='ltr'>aeroma]</span> 
     </span>
    </p>
   </div>
   <div class='ocr_carea' id='block_1_3' title="bbox 395 873 1253 946">
    <p class='ocr_par' dir='ltr' id='par_1_3' title="bbox 395 873 1253 946">
     <span class='ocr_line' id='line_1_3' title="bbox 395 873 1253 946; baseline -0.001 -15"><span class='ocrx_word' id='word_1_13' title='bbox 395 874 477 933; x_wconf 75' lang='lat' dir='ltr'>Non</span> <span class='ocrx_word' id='word_1_14' title='bbox 499 877 559 933; x_wconf 85' lang='lat' dir='ltr'>est</span> <span class='ocrx_word' id='word_1_15' title='bbox 580 875 748 933; x_wconf 83' lang='lat' dir='ltr'>laborem</span> <span class='ocrx_word' id='word_1_16' title='bbox 768 873 874 932; x_wconf 83' lang='lat' dir='ltr'>ultra</span> <span class='ocrx_word' id='word_1_17' title='bbox 893 886 1005 945; x_wconf 82' lang='lat' dir='ltr'>posse</span> <span class='ocrx_word' id='word_1_18' title='bbox 1025 874 1253 946; x_wconf 80' lang='lat' dir='ltr'>impendere.</span> 
     </span>
    </p>
   </div>
   <div class='ocr_carea' id='block_1_4' title="bbox 216 1053 1416 2048">
    <p class='ocr_par' dir='ltr' id='par_1_4' title="bbox 216 1053 1416 1934">
     <span class='ocr_line' id='line_1_4' title="bbox 284 1053 1414 1147; baseline 0.002 -25"><span class='ocrx_word' id='word_1_19' title='bbox 284 1053 436 1136; x_wconf 80' lang='lat' dir='ltr'><strong>Quidam</strong></span> <span class='ocrx_word' id='word_1_20' title='bbox 455 1055 620 1140; x_wconf 80' lang='lat' dir='ltr'>Venator,</span> <span class='ocrx_word' id='word_1_21' title='bbox 644 1057 791 1124; x_wconf 89' lang='lat' dir='ltr'>veniens</span> <span class='ocrx_word' id='word_1_22' title='bbox 816 1079 879 1146; x_wconf 83' lang='lat' dir='ltr'>per</span> <span class='ocrx_word' id='word_1_23' title='bbox 905 1056 1043 1140; x_wconf 89' lang='lat' dir='ltr'>silvam,</span> <span class='ocrx_word' id='word_1_24' title='bbox 1064 1055 1190 1126; x_wconf 89' lang='lat' dir='ltr'>videns</span> <span class='ocrx_word' id='word_1_25' title='bbox 1210 1058 1262 1147; x_wconf 87' lang='lat'>(1)</span> <span class='ocrx_word' id='word_1_26' title='bbox 1287 1057 1414 1126; x_wconf 86' lang='lat' dir='ltr'>beatum</span> 
     </span>
     <span class='ocr_line' id='line_1_5' title="bbox 217 1169 1416 1263; baseline 0.001 -25"><span class='ocrx_word' id='word_1_27' title='bbox 217 1169 414 1239; x_wconf 83' lang='lat' dir='ltr'>Antonium</span> <span class='ocrx_word' id='word_1_28' title='bbox 434 1194 514 1240; x_wconf 93' lang='lat' dir='ltr'>cum</span> <span class='ocrx_word' id='word_1_29' title='bbox 532 1172 607 1240; x_wconf 91' lang='lat' dir='ltr'>suis</span> <span class='ocrx_word' id='word_1_30' title='bbox 626 1172 810 1240; x_wconf 86' lang='lat' dir='ltr'>monacbis</span> <span class='ocrx_word' id='word_1_31' title='bbox 829 1170 1053 1263; x_wconf 78' lang='lat' dir='ltr'><strong>gaudentem,</strong></span> <span class='ocrx_word' id='word_1_32' title='bbox 1076 1174 1123 1262; x_wconf 85' lang='lat' dir='ltr'>[et</span> <span class='ocrx_word' id='word_1_33' title='bbox 1145 1171 1226 1262; x_wconf 86' lang='lat' dir='ltr'>hoc]</span> <span class='ocrx_word' id='word_1_34' title='bbox 1248 1172 1416 1263; x_wconf 77' lang='lat' dir='ltr'>displicuit</span> 
     </span>
     <span class='ocr_line' id='line_1_6' title="bbox 216 1285 1413 1379; baseline 0.002 -26"><span class='ocrx_word' id='word_1_35' title='bbox 216 1287 262 1354; x_wconf 89' lang='lat' dir='ltr'>ei.</span> <span class='ocrx_word' id='word_1_36' title='bbox 280 1285 380 1367; x_wconf 89' lang='lat' dir='ltr'>Quod</span> <span class='ocrx_word' id='word_1_37' title='bbox 394 1309 501 1356; x_wconf 91' lang='lat' dir='ltr'>senex</span> <span class='ocrx_word' id='word_1_38' title='bbox 516 1287 718 1378; x_wconf 90' lang='lat' dir='ltr'>intelligens</span> <span class='ocrx_word' id='word_1_39' title='bbox 732 1289 803 1356; x_wconf 89' lang='lat' dir='ltr'>ait:</span> <span class='ocrx_word' id='word_1_40' title='bbox 821 1289 916 1356; x_wconf 88' lang='lat' dir='ltr'>Pone</span> <span class='ocrx_word' id='word_1_41' title='bbox 931 1289 1095 1379; x_wconf 73' lang='lat' dir='ltr'>sagittam</span> <span class='ocrx_word' id='word_1_42' title='bbox 1110 1289 1150 1357; x_wconf 92' lang='lat' dir='ltr'>in</span> <span class='ocrx_word' id='word_1_43' title='bbox 1165 1311 1252 1357; x_wconf 89' lang='lat' dir='ltr'>arcu</span> <span class='ocrx_word' id='word_1_44' title='bbox 1267 1295 1304 1357; x_wconf 89' lang='lat' dir='ltr'>et</span> <span class='ocrx_word' id='word_1_45' title='bbox 1314 1288 1413 1357; x_wconf 87' lang='lat' dir='ltr'>trabe.</span> 
     </span>
     <span class='ocr_line' id='line_1_7' title="bbox 217 1401 1414 1486; baseline 0.001 -18"><span class='ocrx_word' id='word_1_46' title='bbox 217 1401 261 1468; x_wconf 89' lang='lat' dir='ltr'>Et</span> <span class='ocrx_word' id='word_1_47' title='bbox 274 1401 368 1470; x_wconf 87' lang='lat' dir='ltr'>fecit.</span> <span class='ocrx_word' id='word_1_48' title='bbox 386 1402 517 1471; x_wconf 87' lang='lat' dir='ltr'>lterum</span> <span class='ocrx_word' id='word_1_49' title='bbox 533 1402 623 1471; x_wconf 86' lang='lat' dir='ltr'>dixit</span> <span class='ocrx_word' id='word_1_50' title='bbox 643 1423 651 1472; x_wconf 75' lang='grc' dir='ltr'><strong><em>ε</em></strong></span> <span class='ocrx_word' id='word_1_51' title='bbox 669 1403 794 1486; x_wconf 86' lang='lat' dir='ltr'>Trahe,</span> <span class='ocrx_word' id='word_1_52' title='bbox 812 1409 847 1471; x_wconf 89' lang='lat' dir='ltr'>et</span> <span class='ocrx_word' id='word_1_53' title='bbox 861 1404 991 1471; x_wconf 88' lang='lat' dir='ltr'>iterum</span> <span class='ocrx_word' id='word_1_54' title='bbox 1003 1403 1115 1473; x_wconf 78' lang='lat' dir='ltr'>traha</span> <span class='ocrx_word' id='word_1_55' title='bbox 1133 1403 1232 1472; x_wconf 85' lang='lat' dir='ltr'>Dixit</span> <span class='ocrx_word' id='word_1_56' title='bbox 1246 1404 1414 1473; x_wconf 78' lang='lat' dir='ltr'>Venator:</span> 
     </span>
     <span class='ocr_line' id='line_1_8' title="bbox 216 1516 1415 1611; baseline 0.003 -28"><span class='ocrx_word' id='word_1_57' title='bbox 216 1516 253 1584; x_wconf 88' lang='lat' dir='ltr'>Si</span> <span class='ocrx_word' id='word_1_58' title='bbox 269 1518 362 1585; x_wconf 92' lang='lat' dir='ltr'>ultra</span> <span class='ocrx_word' id='word_1_59' title='bbox 382 1517 526 1586; x_wconf 92' lang='lat' dir='ltr'>modum</span> <span class='ocrx_word' id='word_1_60' title='bbox 542 1524 694 1601; x_wconf 80' lang='lat' dir='ltr'>traxero,</span> <span class='ocrx_word' id='word_1_61' title='bbox 715 1541 819 1587; x_wconf 90' lang='lat' dir='ltr'>arcus</span> <span class='ocrx_word' id='word_1_62' title='bbox 838 1519 1033 1611; x_wconf 86' lang='lat' dir='ltr'>frangetur.</span> <span class='ocrx_word' id='word_1_63' title='bbox 1054 1519 1151 1588; x_wconf 85' lang='lat' dir='ltr'>Dixit</span> <span class='ocrx_word' id='word_1_64' title='bbox 1171 1522 1204 1588; x_wconf 92' lang='lat' dir='ltr'>ei</span> <span class='ocrx_word' id='word_1_65' title='bbox 1225 1519 1360 1588; x_wconf 85' lang='lat' dir='ltr'>abbas:</span> <span class='ocrx_word' id='word_1_66' title='bbox 1378 1519 1415 1587; x_wconf 89' lang='lat' dir='ltr'>lta</span> 
     </span>
     <span class='ocr_line' id='line_1_9' title="bbox 218 1631 1414 1724; baseline 0.003 -26"><span class='ocrx_word' id='word_1_67' title='bbox 218 1631 322 1699; x_wconf 89' lang='lat' dir='ltr'>estin</span> <span class='ocrx_word' id='word_1_68' title='bbox 342 1654 445 1721; x_wconf 88' lang='lat' dir='ltr'>opere</span> <span class='ocrx_word' id='word_1_69' title='bbox 461 1633 522 1701; x_wconf 89' lang='lat' dir='ltr'>Dei</span> <span class='ocrx_word' id='word_1_70' title='bbox 540 1658 547 1700; x_wconf 92' lang='lat'>:</span> <span class='ocrx_word' id='word_1_71' title='bbox 565 1635 594 1701; x_wconf 92' lang='lat' dir='ltr'>si</span> <span class='ocrx_word' id='word_1_72' title='bbox 610 1656 716 1724; x_wconf 88' lang='lat' dir='ltr'>supra</span> <span class='ocrx_word' id='word_1_73' title='bbox 730 1657 935 1702; x_wconf 89' lang='lat' dir='ltr'>mensuram</span> <span class='ocrx_word' id='word_1_74' title='bbox 951 1656 1016 1702; x_wconf 92' lang='lat' dir='ltr'>nos</span> <span class='ocrx_word' id='word_1_75' title='bbox 1036 1633 1330 1718; x_wconf 82' lang='lat' dir='ltr'>laboraverimus,</span> <span class='ocrx_word' id='word_1_76' title='bbox 1345 1634 1414 1704; x_wconf 88' lang='lat' dir='ltr'>deli·</span> 
     </span>
     <span class='ocr_line' id='line_1_10' title="bbox 219 1748 1413 1841; baseline 0.003 -28"><span class='ocrx_word' id='word_1_77' title='bbox 219 1748 370 1829; x_wconf 90' lang='lat' dir='ltr'>ciemus;</span> <span class='ocrx_word' id='word_1_78' title='bbox 402 1748 543 1838; x_wconf 90' lang='lat' dir='ltr'>expedit</span> <span class='ocrx_word' id='word_1_79' title='bbox 568 1750 664 1817; x_wconf 93' lang='lat' dir='ltr'>enim</span> <span class='ocrx_word' id='word_1_80' title='bbox 690 1749 881 1840; x_wconf 89' lang='lat' dir='ltr'>aliquando</span> <span class='ocrx_word' id='word_1_81' title='bbox 906 1750 1067 1819; x_wconf 86' lang='lat' dir='ltr'>relaxari.</span> <span class='ocrx_word' id='word_1_82' title='bbox 1097 1751 1169 1820; x_wconf 87' lang='lat' dir='ltr'>Hac</span> <span class='ocrx_word' id='word_1_83' title='bbox 1195 1752 1413 1841; x_wconf 87' lang='lat' dir='ltr'>responsione</span> 
     </span>
     <span class='ocr_line' id='line_1_11' title="bbox 216 1862 771 1934; baseline 0.007 -6"><span class='ocrx_word' id='word_1_84' title='bbox 216 1862 312 1930; x_wconf 84' lang='lat' dir='ltr'>facta</span> <span class='ocrx_word' id='word_1_85' title='bbox 331 1863 484 1933; x_wconf 87' lang='lat' dir='ltr'>Venator</span> <span class='ocrx_word' id='word_1_86' title='bbox 502 1871 688 1934; x_wconf 89' lang='lat' dir='ltr'>contentus</span> <span class='ocrx_word' id='word_1_87' title='bbox 709 1872 771 1933; x_wconf 88' lang='lat' dir='ltr'>est.</span> 
     </span>
    </p>

    <p class='ocr_par' dir='ltr' id='par_1_5' title="bbox 284 1978 578 2048">
     <span class='ocr_line' id='line_1_12' title="bbox 284 1978 578 2048; baseline 0.003 -1"><span class='ocrx_word' id='word_1_88' title='bbox 284 1978 384 2048; x_wconf 91' lang='lat' dir='ltr'>Unde</span> <span class='ocrx_word' id='word_1_89' title='bbox 403 1978 578 2048; x_wconf 89' lang='lat' dir='ltr'>verbum:</span> 
     </span>
    </p>
   </div>
   <div class='ocr_carea' id='block_1_5' title="bbox 477 2141 1158 2223">
    <p class='ocr_par' dir='ltr' id='par_1_6' title="bbox 477 2141 1158 2223">
     <span class='ocr_line' id='line_1_13' title="bbox 477 2141 1158 2223; baseline 0 -21"><span class='ocrx_word' id='word_1_90' title='bbox 477 2143 652 2222; x_wconf 85' lang='lat' dir='ltr'>Interpone</span> <span class='ocrx_word' id='word_1_91' title='bbox 670 2142 734 2204; x_wconf 89' lang='lat' dir='ltr'>tuis</span> <span class='ocrx_word' id='word_1_92' title='bbox 751 2141 914 2204; x_wconf 88' lang='lat' dir='ltr'>interdum</span> <span class='ocrx_word' id='word_1_93' title='bbox 929 2141 1046 2223; x_wconf 87' lang='lat' dir='ltr'>gaudia</span> <span class='ocrx_word' id='word_1_94' title='bbox 1059 2143 1158 2205; x_wconf 89' lang='lat' dir='ltr'>curis.</span> 
     </span>
    </p>
   </div>
   <div class='ocr_carea' id='block_1_6' title="bbox 216 2318 1413 2634">
    <p class='ocr_par' dir='ltr' id='par_1_7' title="bbox 216 2318 1413 2634">
     <span class='ocr_line' id='line_1_14' title="bbox 284 2318 1412 2411; baseline 0.003 -26"><span class='ocrx_word' id='word_1_95' title='bbox 284 2319 423 2387; x_wconf 83' lang='lat' dir='ltr'>Dicitur</span> <span class='ocrx_word' id='word_1_96' title='bbox 436 2319 556 2400; x_wconf 88' lang='lat' dir='ltr'>etiam,</span> <span class='ocrx_word' id='word_1_97' title='bbox 571 2318 665 2410; x_wconf 93' lang='lat' dir='ltr'>quod</span> <span class='ocrx_word' id='word_1_98' title='bbox 679 2319 860 2388; x_wconf 88' lang='lat' dir='ltr'>Jobannes</span> <span class='ocrx_word' id='word_1_99' title='bbox 879 2319 1096 2411; x_wconf 85' lang='lat' dir='ltr'>evangelista</span> <span class='ocrx_word' id='word_1_100' title='bbox 1109 2320 1221 2389; x_wconf 86' lang='lat' dir='ltr'>semel</span> <span class='ocrx_word' id='word_1_101' title='bbox 1239 2320 1326 2389; x_wconf 92' lang='lat' dir='ltr'>lusit</span> <span class='ocrx_word' id='word_1_102' title='bbox 1345 2343 1412 2390; x_wconf 91' lang='lat' dir='ltr'>cun</span> 
     </span>
     <span class='ocr_line' id='line_1_15' title="bbox 218 2432 1413 2525; baseline 0.003 -26"><span class='ocrx_word' id='word_1_103' title='bbox 218 2432 378 2519; x_wconf 82' lang='lat' dir='ltr'>Perdice,</span> <span class='ocrx_word' id='word_1_104' title='bbox 391 2442 427 2503; x_wconf 90' lang='lat' dir='ltr'>et</span> <span class='ocrx_word' id='word_1_105' title='bbox 440 2434 581 2504; x_wconf 91' lang='lat' dir='ltr'>cuidam</span> <span class='ocrx_word' id='word_1_106' title='bbox 596 2456 702 2525; x_wconf 89' lang='lat' dir='ltr'>super</span> <span class='ocrx_word' id='word_1_107' title='bbox 716 2434 781 2504; x_wconf 93' lang='lat' dir='ltr'>hoc</span> <span class='ocrx_word' id='word_1_108' title='bbox 800 2434 989 2503; x_wconf 90' lang='lat' dir='ltr'>admiranti</span> <span class='ocrx_word' id='word_1_109' title='bbox 1005 2434 1186 2525; x_wconf 88' lang='lat' dir='ltr'>respondit</span> <span class='ocrx_word' id='word_1_110' title='bbox 1202 2456 1211 2503; x_wconf 74' lang='grc' dir='ltr'>ε</span> <span class='ocrx_word' id='word_1_111' title='bbox 1241 2437 1413 2505; x_wconf 84' lang='lat' dir='ltr'>Delectasti</span> 
     </span>
     <span class='ocr_line' id='line_1_16' title="bbox 216 2550 1038 2634; baseline 0.002 -19"><span class='ocrx_word' id='word_1_112' title='bbox 216 2570 287 2631; x_wconf 88' lang='lat' dir='ltr'>me,</span> <span class='ocrx_word' id='word_1_113' title='bbox 306 2550 465 2634; x_wconf 86' lang='lat' dir='ltr'>Domine,</span> <span class='ocrx_word' id='word_1_114' title='bbox 485 2552 521 2618; x_wconf 92' lang='lat' dir='ltr'>in</span> <span class='ocrx_word' id='word_1_115' title='bbox 538 2551 672 2618; x_wconf 87' lang='lat' dir='ltr'>factura</span> <span class='ocrx_word' id='word_1_116' title='bbox 691 2573 863 2620; x_wconf 90' lang='lat' dir='ltr'>manuum</span> <span class='ocrx_word' id='word_1_117' title='bbox 884 2556 1038 2618; x_wconf 89' lang='lat' dir='ltr'>tuarum.</span> 
     </span>
    </p>
   </div>
   <div class='ocr_carea' id='block_1_7' title="bbox 325 2786 1305 2866">
    <p class='ocr_par' dir='ltr' id='par_1_8' title="bbox 325 2786 1305 2866">
     <span class='ocr_line' id='line_1_17' title="bbox 325 2786 1305 2866; baseline 0.003 -19"><span class='ocrx_word' id='word_1_118' title='bbox 325 2794 399 2848; x_wconf 87' lang='lat' dir='ltr'>vnr</span> <span class='ocrx_word' id='word_1_119' title='bbox 425 2792 569 2864; x_wconf 76' lang='lat' dir='ltr'>(xuni).</span> <span class='ocrx_word' id='word_1_120' title='bbox 589 2823 626 2833; x_wconf 96' lang='lat'>-</span> <span class='ocrx_word' id='word_1_121' title='bbox 646 2793 707 2864; x_wconf 69' lang='lat' dir='ltr'>[os</span> <span class='ocrx_word' id='word_1_122' title='bbox 734 2786 944 2849; x_wconf 78' lang='lat' dir='ltr'>uxcrsrao</span> <span class='ocrx_word' id='word_1_123' title='bbox 973 2793 1022 2847; x_wconf 83' lang='lat' dir='ltr'>nr</span> <span class='ocrx_word' id='word_1_124' title='bbox 1049 2791 1305 2866; x_wconf 72' lang='lat' dir='ltr'>srarrvnsrrru]⁸</span> 
     </span>
    </p>
   </div>
   <div class='ocr_carea' id='block_1_8' title="bbox 341 2961 1325 3042">
    <p class='ocr_par' dir='ltr' id='par_1_9' title="bbox 341 2961 1325 3042">
     <span class='ocr_line' id='line_1_18' title="bbox 341 2961 1325 3042; baseline 0.001 -18"><span class='ocrx_word' id='word_1_125' title='bbox 341 2967 481 3024; x_wconf 87' lang='lat' dir='ltr'>contra</span> <span class='ocrx_word' id='word_1_126' title='bbox 503 2961 589 3042; x_wconf 72' lang='lat' dir='ltr'>[eost</span> <span class='ocrx_word' id='word_1_127' title='bbox 612 2965 676 3035; x_wconf 85' lang='lat' dir='ltr'>qul</span> <span class='ocrx_word' id='word_1_128' title='bbox 700 2965 846 3025; x_wconf 80' lang='lat' dir='ltr'>faciunt</span> <span class='ocrx_word' id='word_1_129' title='bbox 866 2965 963 3036; x_wconf 80' lang='lat' dir='ltr'>quod</span> <span class='ocrx_word' id='word_1_130' title='bbox 984 2965 1210 3036; x_wconf 81' lang='lat' dir='ltr'>prohibitum</span> <span class='ocrx_word' id='word_1_131' title='bbox 1234 2967 1301 3025; x_wconf 86' lang='lat' dir='ltr'>ets.</span> <span class='ocrx_word' id='word_1_132' title='bbox 1323 3012 1325 3017; x_wconf 68' lang='lat'>,</span> 
     </span>
    </p>
   </div>
   <div class='ocr_carea' id='block_1_9' title="bbox 213 3138 1418 4387">
    <p class='ocr_par' dir='ltr' id='par_1_10' title="bbox 213 3138 1418 4387">
     <span class='ocr_line' id='line_1_19' title="bbox 284 3138 1413 3230; baseline -0.002 -24"><span class='ocrx_word' id='word_1_133' title='bbox 284 3138 434 3218; x_wconf 84' lang='lat' dir='ltr'>Quidam</span> <span class='ocrx_word' id='word_1_134' title='bbox 463 3139 641 3230; x_wconf 84' lang='lat' dir='ltr'>Magister,</span> <span class='ocrx_word' id='word_1_135' title='bbox 667 3162 748 3207; x_wconf 88' lang='lat' dir='ltr'>cum</span> <span class='ocrx_word' id='word_1_136' title='bbox 772 3140 989 3230; x_wconf 90' lang='lat' dir='ltr'>inpeteretur</span> <span class='ocrx_word' id='word_1_137' title='bbox 1011 3162 1031 3206; x_wconf 93' lang='lat' dir='ltr'>a</span> <span class='ocrx_word' id='word_1_138' title='bbox 1050 3162 1113 3207; x_wconf 91' lang='lat' dir='ltr'>suo</span> <span class='ocrx_word' id='word_1_139' title='bbox 1136 3140 1334 3222; x_wconf 85' lang='lat' dir='ltr'>Serviente,</span> <span class='ocrx_word' id='word_1_140' title='bbox 1359 3161 1413 3207; x_wconf 89' lang='lat' dir='ltr'>nec</span> 
     </span>
     <span class='ocr_line' id='line_1_20' title="bbox 216 3254 1414 3345; baseline -0.001 -24"><span class='ocrx_word' id='word_1_141' title='bbox 216 3254 322 3322; x_wconf 88' lang='lat' dir='ltr'>vellet</span> <span class='ocrx_word' id='word_1_142' title='bbox 344 3277 493 3337; x_wconf 87' lang='lat' dir='ltr'>cessare,</span> <span class='ocrx_word' id='word_1_143' title='bbox 525 3278 633 3345; x_wconf 90' lang='lat' dir='ltr'>quare</span> <span class='ocrx_word' id='word_1_144' title='bbox 660 3255 773 3322; x_wconf 50' lang='lat' dir='ltr'>,idam</span> <span class='ocrx_word' id='word_1_145' title='bbox 796 3256 901 3322; x_wconf 90' lang='lat' dir='ltr'>stulte</span> <span class='ocrx_word' id='word_1_146' title='bbox 930 3254 1147 3344; x_wconf 69' lang='lat' dir='ltr'>comtm)edit</span> <span class='ocrx_word' id='word_1_147' title='bbox 1173 3278 1322 3344; x_wconf 91' lang='lat' dir='ltr'>pomum</span> <span class='ocrx_word' id='word_1_148' title='bbox 1349 3256 1414 3322; x_wconf 88' lang='lat' dir='ltr'>feli·</span> 
     </span>
     <span class='ocr_line' id='line_1_21' title="bbox 215 3370 1413 3462; baseline -0.001 -25"><span class='ocrx_word' id='word_1_149' title='bbox 215 3377 291 3438; x_wconf 90' lang='lat' dir='ltr'>tum</span> <span class='ocrx_word' id='word_1_150' title='bbox 306 3370 365 3459; x_wconf 71' lang='lat'>(2),</span> <span class='ocrx_word' id='word_1_151' title='bbox 375 3378 409 3438; x_wconf 91' lang='lat' dir='ltr'>et</span> <span class='ocrx_word' id='word_1_152' title='bbox 423 3370 589 3462; x_wconf 85' lang='lat' dir='ltr'>Magister</span> <span class='ocrx_word' id='word_1_153' title='bbox 605 3372 719 3461; x_wconf 90' lang='lat' dir='ltr'>ipsum</span> <span class='ocrx_word' id='word_1_154' title='bbox 732 3378 933 3439; x_wconf 88' lang='lat' dir='ltr'>excusasset</span> <span class='ocrx_word' id='word_1_155' title='bbox 946 3371 1039 3460; x_wconf 90' lang='lat' dir='ltr'>quod</span> <span class='ocrx_word' id='word_1_156' title='bbox 1054 3377 1195 3460; x_wconf 91' lang='lat' dir='ltr'>propter</span> <span class='ocrx_word' id='word_1_157' title='bbox 1210 3373 1413 3461; x_wconf 87' lang='lat' dir='ltr'>pronitatem</span> 
     </span>
     <span class='ocr_line' id='line_1_22' title="bbox 216 3485 1414 3576; baseline 0.001 -23"><span class='ocrx_word' id='word_1_158' title='bbox 216 3485 396 3576; x_wconf 89' lang='lat' dir='ltr'>peccandi,</span> <span class='ocrx_word' id='word_1_159' title='bbox 414 3493 448 3553; x_wconf 89' lang='lat' dir='ltr'>et</span> <span class='ocrx_word' id='word_1_160' title='bbox 467 3493 585 3554; x_wconf 87' lang='lat' dir='ltr'>tamen</span> <span class='ocrx_word' id='word_1_161' title='bbox 605 3510 724 3576; x_wconf 90' lang='lat' dir='ltr'>pacem</span> <span class='ocrx_word' id='word_1_162' title='bbox 742 3510 813 3554; x_wconf 93' lang='lat' dir='ltr'>non</span> <span class='ocrx_word' id='word_1_163' title='bbox 833 3487 990 3570; x_wconf 86' lang='lat' dir='ltr'>haberet,</span> <span class='ocrx_word' id='word_1_164' title='bbox 1015 3488 1123 3554; x_wconf 89' lang='lat' dir='ltr'>semel</span> <span class='ocrx_word' id='word_1_165' title='bbox 1139 3487 1290 3555; x_wconf 88' lang='lat' dir='ltr'>inclusit</span> <span class='ocrx_word' id='word_1_166' title='bbox 1306 3490 1414 3556; x_wconf 88' lang='lat' dir='ltr'>avicu-</span> 
     </span>
     <span class='ocr_line' id='line_1_23' title="bbox 217 3601 1415 3691; baseline 0.001 -24"><span class='ocrx_word' id='word_1_167' title='bbox 217 3603 286 3670; x_wconf 89' lang='lat' dir='ltr'>lam</span> <span class='ocrx_word' id='word_1_168' title='bbox 315 3601 405 3669; x_wconf 85' lang='lat' dir='ltr'>inter</span> <span class='ocrx_word' id='word_1_169' title='bbox 425 3601 512 3670; x_wconf 90' lang='lat' dir='ltr'>duas</span> <span class='ocrx_word' id='word_1_170' title='bbox 539 3603 721 3683; x_wconf 85' lang='lat' dir='ltr'>scutellas;</span> <span class='ocrx_word' id='word_1_171' title='bbox 740 3611 785 3685; x_wconf 83' lang='lat' dir='ltr'>et,</span> <span class='ocrx_word' id='word_1_172' title='bbox 804 3601 971 3670; x_wconf 89' lang='lat' dir='ltr'>recedens</span> <span class='ocrx_word' id='word_1_173' title='bbox 995 3626 1015 3669; x_wconf 91' lang='lat' dir='ltr'>a</span> <span class='ocrx_word' id='word_1_174' title='bbox 1035 3602 1150 3684; x_wconf 93' lang='lat' dir='ltr'>domo,</span> <span class='ocrx_word' id='word_1_175' title='bbox 1174 3602 1359 3691; x_wconf 89' lang='lat' dir='ltr'>prohibuit</span> <span class='ocrx_word' id='word_1_176' title='bbox 1379 3624 1415 3670; x_wconf 91' lang='lat' dir='ltr'>ne</span> 
     </span>
     <span class='ocr_line' id='line_1_24' title="bbox 219 3717 1414 3809; baseline -0.003 -23"><span class='ocrx_word' id='word_1_177' title='bbox 219 3718 337 3809; x_wconf 90' lang='lat' dir='ltr'>aliquo</span> <span class='ocrx_word' id='word_1_178' title='bbox 368 3718 471 3785; x_wconf 92' lang='lat' dir='ltr'>modo</span> <span class='ocrx_word' id='word_1_179' title='bbox 491 3719 680 3806; x_wconf 86' lang='lat' dir='ltr'>inspiceret</span> <span class='ocrx_word' id='word_1_180' title='bbox 701 3718 809 3792; x_wconf 83' lang='lat' dir='ltr'>intus,</span> <span class='ocrx_word' id='word_1_181' title='bbox 832 3717 891 3785; x_wconf 90' lang='lat' dir='ltr'>sed</span> <span class='ocrx_word' id='word_1_182' title='bbox 914 3718 955 3785; x_wconf 90' lang='lat' dir='ltr'>de</span> <span class='ocrx_word' id='word_1_183' title='bbox 980 3718 1062 3785; x_wconf 89' lang='lat' dir='ltr'>aliis</span> <span class='ocrx_word' id='word_1_184' title='bbox 1084 3717 1179 3785; x_wconf 91' lang='lat' dir='ltr'>dedit</span> <span class='ocrx_word' id='word_1_185' title='bbox 1200 3725 1414 3807; x_wconf 85' lang='lat' dir='ltr'>potestatem.</span> 
     </span>
     <span class='ocr_line' id='line_1_25' title="bbox 215 3833 1417 3924; baseline -0.002 -22"><span class='ocrx_word' id='word_1_186' title='bbox 215 3834 303 3902; x_wconf 87' lang='lat' dir='ltr'>Cum</span> <span class='ocrx_word' id='word_1_187' title='bbox 319 3834 484 3924; x_wconf 84' lang='lat' dir='ltr'>Magister</span> <span class='ocrx_word' id='word_1_188' title='bbox 500 3835 701 3900; x_wconf 86' lang='lat' dir='ltr'>recessisset</span> <span class='ocrx_word' id='word_1_189' title='bbox 720 3833 761 3901; x_wconf 90' lang='lat' dir='ltr'>dc</span> <span class='ocrx_word' id='word_1_190' title='bbox 782 3833 896 3914; x_wconf 89' lang='lat' dir='ltr'>domo,</span> <span class='ocrx_word' id='word_1_191' title='bbox 917 3834 1084 3923; x_wconf 90' lang='lat' dir='ltr'>cogitavit</span> <span class='ocrx_word' id='word_1_192' title='bbox 1106 3856 1214 3924; x_wconf 91' lang='lat' dir='ltr'>quare</span> <span class='ocrx_word' id='word_1_193' title='bbox 1235 3836 1417 3924; x_wconf 88' lang='lat' dir='ltr'>inspectio·</span> 
     </span>
     <span class='ocr_line' id='line_1_26' title="bbox 215 3948 1416 4040; baseline -0.001 -25"><span class='ocrx_word' id='word_1_194' title='bbox 215 3972 296 4017; x_wconf 89' lang='lat' dir='ltr'>nem</span> <span class='ocrx_word' id='word_1_195' title='bbox 316 3949 563 4038; x_wconf 89' lang='lat' dir='ltr'>prohibuisset.</span> <span class='ocrx_word' id='word_1_196' title='bbox 578 3948 669 4029; x_wconf 87' lang='lat' dir='ltr'>Quid</span> <span class='ocrx_word' id='word_1_197' title='bbox 687 3949 808 4038; x_wconf 76' lang='lat' dir='ltr'>plura?</span> <span class='ocrx_word' id='word_1_198' title='bbox 823 3949 1013 4017; x_wconf 80' lang='lat' dir='ltr'>Scutellanr</span> <span class='ocrx_word' id='word_1_199' title='bbox 1028 3950 1235 4040; x_wconf 81' lang='lat' dir='ltr'>ap(p)eruit,</span> <span class='ocrx_word' id='word_1_200' title='bbox 1255 3957 1290 4017; x_wconf 89' lang='lat' dir='ltr'>et</span> <span class='ocrx_word' id='word_1_201' title='bbox 1305 3952 1416 4018; x_wconf 90' lang='lat' dir='ltr'>statim</span> 
     </span>
     <span class='ocr_line' id='line_1_27' title="bbox 214 4064 1418 4158; baseline 0.002 -27"><span class='ocrx_word' id='word_1_202' title='bbox 214 4065 289 4133; x_wconf 91' lang='lat' dir='ltr'>avis</span> <span class='ocrx_word' id='word_1_203' title='bbox 311 4065 474 4132; x_wconf 83' lang='lat' dir='ltr'>avolavit.</span> <span class='ocrx_word' id='word_1_204' title='bbox 498 4065 660 4132; x_wconf 87' lang='lat' dir='ltr'>Serviens</span> <span class='ocrx_word' id='word_1_205' title='bbox 678 4065 846 4132; x_wconf 83' lang='lat' dir='ltr'>contusus</span> <span class='ocrx_word' id='word_1_206' title='bbox 865 4065 957 4131; x_wconf 90' lang='lat' dir='ltr'>intra</span> <span class='ocrx_word' id='word_1_207' title='bbox 977 4088 1013 4131; x_wconf 89' lang='lat' dir='ltr'>se</span> <span class='ocrx_word' id='word_1_208' title='bbox 1033 4066 1083 4131; x_wconf 86' lang='lat' dir='ltr'>ait</span> <span class='ocrx_word' id='word_1_209' title='bbox 1103 4085 1112 4132; x_wconf 89' lang='lat'>:</span> <span class='ocrx_word' id='word_1_210' title='bbox 1136 4064 1324 4145; x_wconf 81' lang='lat' dir='ltr'>Quomodo</span> <span class='ocrx_word' id='word_1_211' title='bbox 1344 4066 1418 4158; x_wconf 85' lang='lat' dir='ltr'>dya-</span> 
     </span>
     <span class='ocr_line' id='line_1_28' title="bbox 216 4180 1418 4270; baseline 0 -22"><span class='ocrx_word' id='word_1_212' title='bbox 216 4180 315 4249; x_wconf 89' lang='lat' dir='ltr'>bolus</span> <span class='ocrx_word' id='word_1_213' title='bbox 331 4203 386 4248; x_wconf 89' lang='lat' dir='ltr'>me</span> <span class='ocrx_word' id='word_1_214' title='bbox 402 4181 557 4270; x_wconf 80' lang='lat' dir='ltr'>decepit?</span> <span class='ocrx_word' id='word_1_215' title='bbox 572 4182 743 4248; x_wconf 86' lang='lat' dir='ltr'>Reversus</span> <span class='ocrx_word' id='word_1_216' title='bbox 758 4180 926 4270; x_wconf 89' lang='lat' dir='ltr'>Magister</span> <span class='ocrx_word' id='word_1_217' title='bbox 941 4180 1159 4248; x_wconf 86' lang='lat' dir='ltr'>Servientem</span> <span class='ocrx_word' id='word_1_218' title='bbox 1174 4183 1313 4250; x_wconf 87' lang='lat' dir='ltr'>tristem</span> <span class='ocrx_word' id='word_1_219' title='bbox 1330 4184 1418 4249; x_wconf 82' lang='lat' dir='ltr'>inve·</span> 
     </span>
     <span class='ocr_line' id='line_1_29' title="bbox 213 4296 1416 4387; baseline -0.001 -24"><span class='ocrx_word' id='word_1_220' title='bbox 213 4298 277 4364; x_wconf 90' lang='lat' dir='ltr'>nit.</span> <span class='ocrx_word' id='word_1_221' title='bbox 303 4296 371 4378; x_wconf 84' lang='lat' dir='ltr'>Qui</span> <span class='ocrx_word' id='word_1_222' title='bbox 385 4320 420 4364; x_wconf 87' lang='lat' dir='ltr'>sc</span> <span class='ocrx_word' id='word_1_223' title='bbox 442 4298 609 4365; x_wconf 89' lang='lat' dir='ltr'>miserum</span> <span class='ocrx_word' id='word_1_224' title='bbox 632 4298 813 4364; x_wconf 85' lang='lat' dir='ltr'>consessus</span> <span class='ocrx_word' id='word_1_225' title='bbox 829 4302 892 4363; x_wconf 83' lang='lat' dir='ltr'>est.</span> <span class='ocrx_word' id='word_1_226' title='bbox 914 4297 1081 4386; x_wconf 85' lang='lat' dir='ltr'>Magister</span> <span class='ocrx_word' id='word_1_227' title='bbox 1096 4298 1277 4387; x_wconf 88' lang='lat' dir='ltr'>quesivit:</span> <span class='ocrx_word' id='word_1_228' title='bbox 1300 4300 1416 4366; x_wconf 89' lang='lat' dir='ltr'>Vestra</span> 
     </span>
    </p>
   </div>
   <div class='ocr_carea' id='block_1_10' title="bbox 266 4467 591 4626">
    <p class='ocr_par' dir='ltr' id='par_1_11' title="bbox 266 4467 591 4626">
     <span class='ocr_line' id='line_1_30' title="bbox 268 4467 591 4538; baseline 0.003 -18"><span class='ocrx_word' id='word_1_229' title='bbox 268 4467 304 4536; x_wconf 88' lang='lat' dir='ltr'>(t)</span> <span class='ocrx_word' id='word_1_230' title='bbox 325 4467 405 4521; x_wconf 73' lang='lat' dir='ltr'>ltinsi</span> <span class='ocrx_word' id='word_1_231' title='bbox 423 4483 497 4538; x_wconf 91' lang='lat' dir='ltr'>pour</span> <span class='ocrx_word' id='word_1_232' title='bbox 512 4469 591 4522; x_wconf 81' lang='lat' dir='ltr'>cidit.</span> 
     </span>
     <span class='ocr_line' id='line_1_31' title="bbox 266 4557 562 4626; baseline 0.003 -17"><span class='ocrx_word' id='word_1_233' title='bbox 266 4558 302 4626; x_wconf 72' lang='lat'>(2)</span> <span class='ocrx_word' id='word_1_234' title='bbox 320 4557 398 4610; x_wconf 45' lang='lat' dir='ltr'>trisez</span> <span class='ocrx_word' id='word_1_235' title='bbox 416 4573 422 4610; x_wconf 93' lang='lat'>:</span> <span class='ocrx_word' id='word_1_236' title='bbox 437 4559 562 4610; x_wconf 79' lang='lat' dir='ltr'>ueritum.</span> 
     </span>
    </p>
   </div>
   <div class='ocr_carea' id='block_1_11' title="bbox 0 0 1640 5626">
    <p class='ocr_par' dir='ltr' id='par_1_12' title="bbox 0 0 1640 5626">
     <span class='ocr_line' id='line_1_32' title="bbox 0 0 1640 5626; baseline 0 0"><span class='ocrx_word' id='word_1_237' title='bbox 0 0 1640 5626; x_wconf 95' lang='lat' dir='ltr'> </span> 
     </span>
    </p>
   </div>
  </div>
 </body>
</html>
