3270 5626
221 512 266 560 ato
448 506 601 559 ODONIS
628 507 679 557 DE
704 507 915 559 cualroNA
941 507 1190 560 PARABOLAE.

220 677 296 723 esse
309 659 474 733 mutatos,
492 654 575 743 quia
592 650 787 720 doctrinam
803 652 932 721 Christi
948 652 1034 720 nudi
1052 653 1163 721 secuti
1179 655 1279 722 estis.
1297 655 1419 724 Allante

220 771 308 838 mibi
325 771 444 860 uirgas
464 775 575 837 rectas
595 768 632 834 in
654 768 804 858 singulis
826 767 991 836 fascibus
1014 768 1187 837 Similiter
1206 770 1315 837 iussit
1332 771 1419 861 quod

219 885 353 975 lapides
368 886 524 952 minutos
546 907 566 950 a
588 884 704 951 littore
719 883 826 950 maris
842 882 1073 973 deflflerrent.
1097 883 1198 965 Quod
1219 907 1302 956 cum
1323 886 1420 954 lecis-

219 1008 308 1084 sent,
328 1002 489 1068 inuocato
509 1002 653 1068 nomine
669 1000 810 1068 Domini
830 1000 931 1090 uirgo
949 1021 1118 1068 conuerso
1134 1007 1220 1068 sunt
1239 1001 1278 1069 in
1298 1025 1418 1069 aurum

217 1124 251 1185 et
277 1115 410 1207 lapidos
431 1117 467 1183 in
491 1137 659 1205 genrmaS.
683 1114 725 1181 Et
744 1115 848 1183 iussit
862 1113 955 1204 quod
975 1138 1038 1204 per
1056 1115 1218 1184 cilicinas
1239 1118 1418 1185 aurificum

217 1239 251 1300 et
277 1232 552 1323 gemmariorum
577 1230 766 1320 probarent
789 1253 915 1297 aurum
935 1237 969 1298 et
992 1253 1161 1321 gemmas.
1189 1231 1233 1299 Et
1260 1232 1419 1300 dixerunt

216 1347 310 1439 quod
331 1348 503 1436 optimum
523 1346 591 1413 fuit
606 1368 732 1413 aurum
749 1351 783 1413 et
792 1367 931 1436 gemme
946 1346 1219 1434 preciosissimo.
1234 1348 1418 1416 Tuncdixit

216 1464 288 1531 eis:
305 1462 367 1544 lte,
383 1461 543 1529 redimite
556 1467 665 1528 terras
682 1483 769 1550 quas
784 1460 1003 1543 uendidistis‚
1019 1462 1102 1551 quia
1117 1461 1277 1530 celorum
1293 1464 1417 1553 premia

215 1577 430 1668 perdidistis.
450 1578 564 1644 Emito
579 1577 681 1644 uobis
701 1578 830 1645 sericas
845 1582 972 1658 uestes
989 1583 1028 1644 ut
1043 1577 1209 1666 fulgeatis
1225 1580 1319 1647 sieut
1335 1603 1414 1660 rosa,

216 1716 297 1783 que,
314 1692 398 1761 dum
415 1699 478 1775 est,
496 1692 640 1760 odorem
656 1697 690 1759 et
705 1691 866 1760 ruborem
883 1691 1047 1775 ostendit,
1064 1698 1099 1759 et
1117 1701 1262 1783 repente
1277 1717 1417 1763 marces-

216 1809 273 1876 sit.
293 1808 335 1875 Et
350 1809 510 1876 narrauit
525 1808 676 1899 qualiter
692 1808 790 1876 diuos
807 1807 842 1874 in
863 1807 1000 1875 interno
1018 1809 1176 1897 sepultus
1192 1816 1258 1892 est,
1278 1810 1416 1878 Lamnus

216 1922 400 1991 mendicus
423 1926 459 1991 in
488 1924 569 1993 sinu
601 1923 740 1992 Abrahe
775 1923 960 2013 requicuit.
985 1923 1056 1991 Hoc
1080 1922 1218 1992 dicente
1251 1926 1412 2015 apostolo,

216 2039 424 2108 efferebatur
439 2041 482 2129 (1)
505 2042 536 2108 ei
558 2041 700 2108 iuuenis
727 2045 887 2107 mortuus
911 2039 1004 2106 filius
1029 2037 1149 2122 uidua,
1175 2046 1210 2107 et
1239 2040 1285 2108 ad
1305 2064 1414 2131 preces

215 2156 409 2223 multorum
430 2156 653 2224 resuscitnuit
675 2178 755 2223 eum
783 2153 975 2245 apostolus,
997 2151 1116 2221 dicens
1139 2175 1147 2222 :
1173 2155 1376 2247 Exlslurgus
1399 2181 1415 2222 a

215 2274 364 2341 mortuis
380 2272 524 2340 uinculo
544 2271 729 2340 resolutus.
753 2270 828 2337 Hiis
847 2268 983 2337 duobus
998 2270 1113 2338 Attico
1133 2276 1168 2338 et
1182 2271 1345 2363 Eugenio
1364 2295 1416 2340 an·

215 2389 364 2455 nuncies
389 2395 556 2478 quantam
581 2388 731 2477 gloriam
753 2387 947 2454 amiserunt
968 2392 1002 2452 et
1028 2390 1197 2476 quantam
1224 2409 1352 2476 ponam
1371 2389 1416 2455 in-

215 2511 412 2572 currerunt.
436 2503 531 2572 Tunc
551 2504 773 2593 oxlslurgcns
792 2506 952 2569 mortuus
972 2499 1131 2569 adorauit
1155 2504 1367 2592 apostolum,
1386 2511 1414 2571 et

126 2603 137 2624 ⁶
214 2621 408 2709 increpauit
423 2619 615 2709 discipulos
630 2619 717 2701 eiua,
736 2616 873 2685 dicens:
890 2616 969 2683 Vidi
984 2616 1129 2716 angelos
1145 2625 1286 2687 uestros
1299 2618 1413 2686 flentes

215 2744 250 2805 et
280 2734 423 2825 angelos
443 2733 595 2802 Satlranc
622 2735 659 2800 in
679 2732 872 2800 deiectione
890 2738 1008 2800 uestra
1023 2732 1253 2822 gratulantes
1274 2733 1345 2802 lam
1367 2756 1413 2801 re·

215 2873 324 2942 gnum
352 2851 414 2918 Dei
443 2848 544 2918 uobis
573 2856 732 2938 paratum
754 2854 787 2915 et
807 2870 848 2914 ex
863 2847 1131 2915 coruscantibus
1154 2850 1309 2938 gemmis
1329 2856 1411 2916 zoas

215 2970 416 3047 instructas,
436 2966 555 3054 plenas
576 2964 726 3054 gaudiis,
750 2964 862 3051 aprilis
883 2970 916 3028 et
932 2962 1079 3043 deliciiS,
1098 2963 1245 3030 {loribus
1267 2973 1299 3031 et
1321 2988 1410 3054 orgo

216 3105 341 3150 norum
360 3081 504 3147 uocibus
520 3081 700 3147 amisistis.
716 3081 802 3145 Lora
818 3079 1040 3144 tonobrarurn
1056 3079 1160 3168 plena
1180 3078 1410 3147 diachonibus

216 3204 250 3264 el.
266 3195 494 3262 stridentibus
519 3195 668 3262 llammis
688 3203 721 3261 et
742 3195 839 3283 penis
856 3193 1204 3282 incomparabilibus,
1225 3197 1261 3261 in
1284 3220 1351 3286 quo
1373 3198 1398 3263 ,2

215 3313 456 3399 noueressairrjt
472 3312 623 3400 gentitus
639 3317 670 3377 el
701 3309 856 3376 ululatus
874 3308 974 3375 uobis
997 3309 1253 3397 acquisitristis.
1283 3313 1409 3398 ltogrtis

215 3449 296 3516 ergo
312 3428 508 3514 apostolum
526 3436 574 3498 ut.
593 3428 685 3492 sicut
700 3449 754 3491 me
771 3425 992 3492 resuscitauit
1016 3424 1057 3490 ad
1079 3425 1203 3506 uitam,
1223 3427 1273 3493 ita
1287 3430 1409 3494 aniruas

216 3549 353 3611 uestras
371 3543 553 3609 resuscitet
567 3541 609 3607 ad
626 3542 787 3607 salutem.
806 3540 901 3605 Tunc
916 3540 1117 3615 suscitatus
1137 3548 1362 3627 prosternens
1380 3564 1409 3606 sc

215 3659 411 3727 cumomni
436 3657 563 3746 populo
589 3662 622 3723 ot
642 3656 713 3720 illis
739 3654 886 3735 duobus,
912 3653 1133 3743 exoraba(n)t
1154 3659 1352 3744 apostolum
1379 3664 1407 3723 ul

217 3773 446 3841 intercederet
467 3796 527 3860 pro
541 3773 591 3838 eis
616 3770 666 3837 ad'
682 3771 880 3838 llominum.
905 3770 1000 3836 'lunc
1021 3768 1166 3857 predicti
1186 3770 1270 3855 duo,
1288 3774 1330 3841 ad
1344 3796 1409 3864 pre·

216 3897 353 3979 ceptum
375 3889 522 3977 apostoli
538 3910 598 3977 per
612 3888 759 3976 triginta
775 3885 848 3953 dies
869 3886 1098 3974 penitentiam
1114 3895 1272 3975 agentes.
1295 3889 1406 3979 precati

216 4012 299 4072 sunt
323 4004 511 4071 [lominum
536 4002 627 4092 qnod
653 4003 805 4091 predicte
829 4002 927 4089 uirgo
958 4007 992 4067 et
1016 3999 1148 4089 lapides
1168 4002 1212 4069 ad
1238 4007 1405 4093 pristinam

216 4127 378 4187 naturam
403 4124 705 4187 connecterentur.
729 4116 804 4197 Quo
829 4117 931 4197 lacto,
953 4114 1041 4181 dixit
1066 4115 1116 4181 eis
1139 4117 1232 4205 quod
1255 4120 1405 4188 Dominus

216 4237 347 4324 accepit
375 4235 604 4323 penitentiam
625 4256 746 4301 eornm
768 4240 801 4298 et
824 4232 977 4320 precepit
995 4229 1088 4320 quod
1110 4232 1209 4322 uirgo
1230 4243 1264 4302 et
1292 4234 1401 4325 lapides

158 4389 161 4396 ·
217 4351 258 4417 ad
281 4351 425 4439 pristina
446 4351 522 4417 loca
541 4349 793 4439 ‹leftllerentur

272 4525 309 4589 tl)
329 4521 409 4574 linai
425 4538 499 4590 pour
513 4521 688 4588 offerebatur.

273 4614 309 4678 pti:
334 4609 412 4662 dirisi
429 4626 502 4679 pour
515 4610 624 4679 quibus.
