3352 5624
492 475 497 487 ·
617 511 806 565 FABULAE.
1268 512 1313 561 ua

110 661 241 750 Vulpes
259 681 265 727 :
285 659 444 740 Domine,
462 658 528 724 iste
543 679 624 724 cum
640 655 748 725 rubeo
763 655 888 744 eapite,
906 660 1046 722 ostenso
1062 652 1158 742 Lupo
1174 655 1313 744 saugui-

112 776 265 845 nolente.

455 994 737 1066 v1.-[eurus
767 995 815 1050 er
844 992 972 1062 auus]

542 1178 681 1236 contra
701 1175 886 1249 ingratos.

182 1363 300 1452 Lupus
324 1361 409 1429 dum
430 1382 553 1429 earnes
574 1364 726 1443 voraret,
753 1381 792 1426 os
821 1380 931 1426 vnum
964 1358 1111 1425 intrauit
1133 1358 1169 1425 in
1195 1363 1318 1448 guttur

115 1480 204 1560 eius,
223 1485 257 1545 et
279 1478 368 1546 male
393 1476 536 1545 vexauit
554 1497 648 1543 eum.
671 1473 891 1555 Querebatur
909 1472 1078 1556 medicus,
1096 1480 1130 1541 et
1149 1496 1317 1565 magnum

116 1594 283 1662 salarium
319 1591 600 1683 promittebatur.
630 1588 784 1658 Tandem
819 1588 990 1658 conducta
1024 1595 1078 1657 est
1101 1589 1254 1679 Grutets,
1282 1594 1320 1658 vt

115 1710 219 1801 longo
235 1710 324 1777 eollo
345 1733 407 1777 suo
423 1715 458 1776 et
474 1714 584 1776 rostro
613 1729 651 1774 es
676 1705 893 1789 extraheret;
912 1705 1005 1796 quod
1020 1713 1055 1773 et
1075 1706 1168 1774 fecit.
1188 1706 1231 1773 Et
1254 1704 1320 1773 hoc

117 1827 216 1908 taeta,
235 1826 404 1892 salarium
427 1846 532 1892 suum
550 1823 667 1913 peciit.
681 1821 756 1903 Quo
777 1821 909 1904 audite,
921 1823 1038 1911 Lupus
1048 1821 1138 1889 dixit
1155 1834 1166 1890 :'
1182 1821 1321 1912 ingrata

116 1966 152 2009 es
168 1941 268 2024 mihi,
286 1965 354 2031 que
377 1942 423 2031 (t)
445 1938 557 2030 capud
579 1945 680 2006 tuum
700 1935 743 2004 ab
765 1960 824 2005 ere
849 1960 928 2005 mee
948 1960 1074 2005 sanum
1095 1936 1230 2005 extrahi
1245 1960 1322 2027 per·

121 2059 214 2138 misi,
237 2064 269 2124 et
293 2063 327 2124 tu
348 2056 518 2123 salarium
538 2055 645 2144 petis!

409 2304 474 2357 v11.
499 2334 536 2343 ·-
565 2302 741 2373 [veiens
770 2303 819 2357 ΕΤ
847 2303 1032 2373 contus]

552 2476 606 2533 ne
626 2486 731 2534 rana
752 2474 886 2547 glorta.

184 2661 271 2726 tium
288 2658 329 2726 de
350 2659 502 2726 fenestra
522 2657 657 2726 Coruus
676 2680 818 2726 caseum
832 2658 1017 2748 rapuisset,
1039 2659 1146 2727 altam
1167 2657 1324 2728 aseendit

118 2774 279 2842 arborem
295 2796 375 2842 eum
391 2796 445 2842 ee.
464 2772 607 2863 Vulpes,
624 2795 706 2842 euru
723 2772 788 2841 hoe
806 2773 964 2857 vidisset,
986 2776 1160 2864 aspiciens
1179 2774 1222 2843 ad
1242 2798 1324 2844 eum

118 2890 236 2958 dixit:
260 2891 287 2957 0
313 2891 437 2972 Corne,
465 2890 546 2980 quis
573 2888 637 2957 tibi
663 2889 790 2956 similis
812 2895 876 2970 est,
899 2896 935 2957 et
960 2913 1158 2979 pennarum
1181 2897 1323 2960 tuarum

119 3011 272 3096 quantus
288 3011 340 3072 est
364 3006 475 3073 nitor!
495 3005 655 3086 Quantus
679 3004 783 3073 decer
808 3013 911 3089 esset,
925 3007 953 3074 si
973 3028 1095 3074 vocem
1116 3007 1246 3075 claram
1265 3006 1325 3076 ha-

121 3121 271 3189 buisses!
289 3120 394 3189 Nulla
413 3122 490 3189 auis
506 3127 539 3188 te
555 3122 651 3211 prior
665 3121 855 3189 fuissetdt
874 3121 946 3203 ille,
959 3121 1043 3190 dum
1058 3122 1195 3212 placere
1211 3124 1324 3192 veluit

121 3243 154 3304 et
171 3258 292 3304 vocem
312 3259 413 3303 suam
434 3236 546 3303 aleius
565 3234 761 3318 ostendere,
778 3259 837 3304 ore
857 3238 1040 3327 patefacte.
1058 3240 1150 3329 cepit
1171 3239 1325 3308 clamare

120 3360 165 3434 et,
183 3375 245 3443 per
264 3374 497 3442 consequens
519 3374 660 3420 caseum
676 3353 837 3420 amittere
859 3358 894 3420 et
908 3353 1013 3443 Vulpi
1030 3376 1110 3422 cum
1130 3356 1325 3444 penitentia

122 3467 315 3536 dimittere.

392 3691 475 3745 v111.
505 3721 541 3730 —
566 3690 815 3762 [cenulenta
843 3692 1056 3761 SUPERBA.';

568 3871 655 3931 Alta
675 3873 722 3932 de
744 3875 883 3933 eedem.

189 4053 385 4129 Cornicula,
403 4063 523 4123 vocata
546 4052 588 4122 ad
608 4055 797 4123 eonsilium
822 4055 966 4138 Auium,
983 4056 1071 4125 vidit
1091 4081 1127 4125 se
1152 4083 1228 4127 esse
1250 4083 1325 4127 um-

125 4168 225 4235 uium
244 4169 502 4258 turpissimanr;
525 4170 774 4261 propterquod
790 4173 969 4240 mutuauit
987 4172 1028 4240 de
1049 4176 1174 4242 ceteris
1189 4176 1326 4245 ,tuitus

125 4283 281 4372 ¹singulas
297 4305 442 4374 pennas,
460 4290 497 4352 vt
516 4285 583 4353 sibi
604 4285 756 4376 facerem
777 4287 925 4376 pallium
945 4288 989 4356 ad
1004 4287 1192 4380 tegendum
1214 4293 1326 4382 turpi-

129 4397 283 4465 tudinem
300 4421 411 4466 suam.
425 4399 501 4481 Qua
517 4401 618 4483 sacta,
632 4401 730 4468 venit
744 4401 862 4470 futuro
877 4425 971 4470 anno
985 4403 1029 4472 ad
1044 4405 1235 4473 consilium
1251 4408 1327 4499 ipso

176 4602 213 4676 (t)
233 4603 316 4659 Ainsi
330 4619 408 4677 pour
419 4606 479 4675 qui.
