3270 5626
283 475 435 528 ODONIS
462 474 513 527 DE
541 475 754 526 GllRlTONA
780 473 1027 526 PARABOLAE.
1211 478 1257 528 273

221 701 297 755 xxl.
322 730 358 740 -
383 700 434 754 DE
461 700 566 754 REGE
592 700 762 765 QUODAM
788 699 1091 756 POTENTlSSlblO

51 799 283 864 lUVENlQUE
316 798 486 863 QUODAM
517 798 815 853 PULCHERRIMO
844 798 893 852 ET
920 798 1016 853 EJUS
1046 799 1183 855 UXORE
1209 799 1258 872 (l).

121 961 194 1029 Rex
214 957 358 1051 quidam
378 958 646 1049 potentissimus
666 963 782 1025 ortum
802 956 1010 1027 deliciarum
1031 961 1140 1028 semel
1164 961 1259 1046 lecit,

53 1077 162 1167 lignis
172 1074 366 1166 pomiferis,
380 1072 499 1142 herbis
510 1079 544 1141 et
557 1072 765 1141 fluminibus
778 1072 942 1142 decenter
951 1078 1102 1143 ornauit.
1116 1076 1261 1145 Cuidam

53 1193 181 1266 iuueni
198 1190 439 1281 pulcherrimo
463 1196 498 1257 et
516 1189 617 1257 uxori
633 1190 710 1256 eius
726 1195 844 1257 ortum
860 1190 1123 1260 commendauit
1136 1199 1172 1261 et
1185 1216 1263 1284 pro-

56 1307 174 1377 hibuit
188 1305 327 1397 quodsi
343 1306 502 1396 leprosus
516 1311 633 1373 ortum
647 1305 806 1387 intraret,
824 1306 986 1374 osculum
1005 1308 1037 1375 ei
1052 1331 1122 1376 non
1140 1307 1265 1377 darent

56 1447 122 1492 nec
144 1421 365 1514 persuasioni
385 1422 462 1489 eius
481 1421 755 1510 acquiescerent.
779 1419 878 1501 Quod
898 1422 928 1490 si
948 1422 1115 1506 lacerent,
1135 1423 1264 1514 leprosi

57 1561 140 1608 cum
168 1540 307 1629 leproso
329 1537 565 1605 efficerentur.
590 1536 744 1627 Contigit
767 1536 872 1626 paulo
892 1544 970 1628 post
989 1537 1081 1628 quod
1104 1540 1264 1630 leprosus

58 1655 209 1724 intrauit
229 1659 265 1722 et
292 1651 443 1743 quedam
466 1650 670 1720 custodibus
693 1653 885 1740 persuasit3
910 1653 1071 1722 osculum
1096 1657 1261 1744 porrexit.

58 1769 228 1840 Custodes
251 1770 283 1837 ei
307 1768 570 1860 acquiescentes
589 1767 672 1835 lacti
695 1773 780 1836 sunt
803 1768 945 1857 leprosi.
968 1769 1121 1838 Veniens
1146 1778 1265 1841 autem

59 1886 239 1979 predictus
262 1907 335 1969 rex,
362 1885 547 1975 increpans
567 1881 729 1951 custodes
749 1906 790 1951 co
811 1884 905 1974 quod
926 1907 968 1953 ex
989 1886 1092 1976 culpa
1111 1910 1175 1955 sua
1195 1887 1265 1955 iam

59 2004 142 2072 facti
167 2006 251 2070 sunt
278 2000 326 2090 (2)
349 1999 490 2089 leprosi,
516 1999 619 2067 eiecit
642 2021 701 2066 eos
732 1997 773 2066 de
800 2005 876 2068 orto
904 1998 1124 2069 deliciarum.
1145 2003 1191 2070 At
1212 2002 1265 2071 illi

60 2123 264 2209 genuerunt
277 2116 369 2185 lilios
384 2122 419 2184 et
434 2115 525 2183 filias
540 2114 708 2206 leprosos.

127 2236 201 2303 Rex
217 2239 271 2302 est
286 2232 511 2322 omnipotens
528 2231 590 2320 qui
604 2230 809 2319 paradisum
828 2232 962 2299 creauit
980 2238 1015 2299 et
1031 2231 1195 2302 decenter
1211 2257 1267 2302 or-

59 2351 172 2418 nauit.
189 2347 301 2417 Adam
322 2353 357 2416 et
371 2347 482 2416 Euam
498 2347 535 2413 iu
556 2345 832 2436 pulcritudinem
853 2348 1059 2416 innocencie
1079 2348 1269 2439 plasmauit

62 2473 96 2534 et
110 2464 265 2557 paradisi
280 2462 442 2532 custodes
462 2462 658 2546 constituit,
677 2461 867 2553 prohibens
882 2485 928 2531 ne
947 2462 989 2531 de
1004 2463 1102 2555 liguo
1117 2464 1268 2534 sciencie

63 2581 145 2650 boni
156 2581 286 2649 etmali
297 2578 533 2648 comederent.
544 2577 671 2646 Postea
684 2577 858 2662 diabolus,
871 2578 968 2668 lepra
982 2581 1114 2669 peccati
1130 2580 1266 2670 plenus,

63 2698 203 2789 lignum
218 2697 369 2764 uetitum
384 2695 423 2762 in
439 2694 590 2783 speciem
606 2695 779 2783 serpentis
794 2694 963 2779 ascendit,
981 2701 1016 2763 et
1034 2701 1074 2764 ut
1092 2695 1135 2764 de
1152 2697 1268 2765 fructu

66 2813 152 2905 ligni
170 2811 369 2880 comederet
388 2811 462 2878 Eue
482 2809 669 2899 persuasit.

132 3053 232 3110 xxrr.
252 3084 288 3093 -
306 3052 358 3107 nr.
383 3049 546 3106 uocaus
572 3049 809 3105 ruiramus
836 3049 1200 3116 esarnooanrrees

546 3147 719 3202 naeuus
740 3146 787 3220 (a).

130 3309 231 3380 Vnde
248 3311 286 3377 in
302 3309 394 3377 uitas
407 3307 551 3376 Patrum
569 3328 577 3375 ε
595 3307 671 3374 Duo
691 3308 817 3376 fratres
835 3306 1073 3400 relinquentes
1088 3309 1271 3379 heremum

66 3427 243 3495 duxerunt
260 3446 400 3493 uxores.
422 3422 548 3491 Postea
566 3423 764 3512 penitentes
783 3422 950 3493 dixerunt
971 3447 978 3494 :
1001 3426 1116 3507 Quare
1137 3426 1272 3495 dimisi-

65 3566 145 3611 mus
155 3541 353 3634 angelicam
363 3540 497 3609 uitam?
509 3539 654 3607 Reuersi
666 3544 761 3623 sunt,
775 3545 820 3623 et,
834 3546 974 3630 peccata
985 3564 1049 3609 sua
1059 3541 1272 3632 quibusdam

65 3657 211 3727 senibus
230 3656 448 3740 confitentes,
465 3655 575 3724 clausi
595 3660 680 3722 sunt
698 3677 792 3723 anno
812 3655 963 3747 integro,
981 3665 1015 3725 et
1029 3657 1132 3726 datus
1147 3664 1199 3726 est
1221 3659 1272 3726 eis

65 3774 167 3865 panis
198 3771 242 3841 ad
271 3792 419 3863 pensum
455 3793 536 3840 cum
564 3792 666 3861 aqua.
692 3769 775 3838 Post
804 3771 1034 3862 penitentiam
1066 3773 1168 3840 eiecti
1190 3777 1273 3841 sunt

65 3889 172 3972 foras,
189 3894 225 3957 et
246 3885 416 3956 uiderunt
438 3907 552 3954 unum
574 3885 683 3953 nimis
707 3885 845 3954 tristem
870 3895 904 3955 et
929 3887 1039 3956 alium
1064 3887 1214 3979 ylarem;
1238 3893 1272 3956 et

67 4003 278 4096 querebatur
296 4024 405 4094 quare
420 4024 512 4069 unus
532 4000 643 4068 tristis
656 4008 690 4068 et
705 4000 793 4069 alter
807 4002 926 4093 ylaris.
947 4002 1046 4070 Alter
1064 4002 1267 4092 respondit:
1314 4059 1316 4062 .
1383 4091 1387 4097 ι

69 4119 139 4210 Ego
159 4140 298 4210 semper
319 4117 402 4185 lleui
423 4138 486 4206 pro
510 4121 650 4206 peccato
675 4138 765 4185 meo.
783 4117 881 4185 Alter
902 4117 1019 4187 dixit:
1041 4117 1113 4208 Ego
1133 4140 1271 4208 semper

121 4289 159 4361 (l)
170 4290 325 4346 mmialcc.
338 4287 421 4357 ieje,
432 4286 581 4343 meandum
595 4288 758 4352 bortheem,
774 4290 857 4344 ‚viit⁰.
866 4291 979 4345 —Cum
992 4289 1193 4345 descendisset
1207 4289 1257 4346 lhe

71 4395 117 4436 sus
132 4380 168 4435 de
182 4383 295 4435 monte.

122 4468 160 4539 (2)
177 4468 278 4523 Lisez:
299 4468 367 4523 siut.

123 4558 160 4629 [3)
175 4557 269 4613 treme
284 4571 414 4613 sermon.
