3270 5626
465 510 618 563 ononls
644 512 695 563 DE
723 511 937 565 cnnlrortn
964 508 1208 562 PARABOLAE.
1383 511 1429 561 283

264 739 388 794 xnvtt.
417 768 453 777 -
481 737 532 792 DE
556 736 730 792 llUSTICO
754 736 935 792 NUTlllTO
961 737 1001 791 ΙΝ
1027 736 1124 792 FlldO
1149 735 1319 790 STABULl
1341 733 1390 806 (l).

289 896 467 978 Rusticus,
497 895 637 963 infimo
668 894 796 963 stahuli
823 896 991 977 nutritus,
1014 917 1094 962 cum
1115 893 1224 962 semel
1243 894 1427 961 transisset

222 1011 314 1103 apud
328 1017 484 1079 montem
495 1011 728 1080 Pessulanum
744 1033 806 1102 per
821 1011 953 1093 uicum,
971 1009 1032 1078 uhi
1046 1009 1185 1077 diuersa
1201 1010 1333 1100 species
1348 1030 1426 1076 aro-

223 1129 350 1195 matice
366 1125 582 1208 terebantur,
599 1127 700 1216 quasi
718 1132 879 1194 mortuus
895 1127 933 1194 in
953 1125 1101 1193 extasim
1122 1122 1258 1207 cecidit,
1276 1131 1322 1206 et,
1344 1145 1425 1192 cum

221 1242 322 1310 nullo
337 1242 484 1310 artificio
497 1241 713 1310 medicorum
730 1247 848 1332 posset
862 1239 1008 1332 pristine
1021 1241 1163 1308 sanitati
1179 1240 1330 1321 restitui,
1348 1240 1424 1329 qui·

221 1357 314 1441 dam,
337 1358 521 1447 pristinam
541 1357 847 1425 conuersationem
867 1357 943 1425 cius
962 1362 1063 1425 caute
1087 1355 1282 1446 inquirens,
1301 1355 1424 1421 fimum

222 1473 325 1542 bouis
340 1471 486 1541 naribus
501 1473 577 1542 eius
592 1473 765 1564 apposuit,
781 1478 815 1540 et
834 1473 954 1540 statim
969 1473 1084 1563 speeie
1099 1471 1176 1538 eins
1191 1470 1331 1538 reuixit.

287 1587 461 1657 Similiter
471 1588 534 1656 filii
544 1587 651 1656 lsrael
662 1609 793 1655 manna
803 1585 997 1678 quemlihet
1007 1608 1168 1676 saporem
1179 1586 1364 1654 continens
1374 1586 1421 1674 (2)

220 1703 255 1772 in
274 1703 413 1772 deserto
431 1701 668 1771 fastidiebant.
690 1702 777 1795 Sepe
796 1724 917 1793 porros
934 1709 969 1771 et
982 1702 1077 1786 allia,
1095 1701 1224 1793 quihus
1240 1702 1277 1769 in
1298 1701 1421 1796 Egipto
1512 1785 1518 1798 .

220 1820 316 1887 uesci
340 1817 511 1902 solebant,
535 1818 835 1888 desiderauerunt.
859 1819 901 1886 Et
922 1818 999 1909 si(c)
1022 1818 1106 1887 talia
1127 1840 1208 1886 cum
1234 1816 1422 1885 acerbitate

221 1940 424 2018 sumuntur,
447 1935 664 2003 inflationem
684 1940 864 2025 generant,
886 1935 1049 2002 lacrimas
1069 1941 1272 2023 prouocant.

321 2167 462 2222 xnvrn.
487 2197 523 2208 -
549 2167 600 2221 ua
627 2167 786 2222 annana
813 2166 1097 2221 ersrancrarsr
1125 2164 1313 2220 chalanno

587 2264 771 2320 Auernos
798 2264 974 2319 vrnanrn
1001 2263 1051 2335 (a).

283 2423 434 2505 Quidam
453 2423 597 2492 nomine
612 2423 794 2508 Geraldus,
812 2422 945 2491 ordinis
958 2421 1196 2491 Cistereiensis
1210 2418 1416 2501 monachus,

219 2539 284 2607 tale
301 2539 433 2607 donum
449 2538 623 2607 diuinitus
635 2540 778 2629 recepit,
792 2538 885 2630 quod
900 2561 1006 2631 snper
1020 2537 1200 2605 hominem
1211 2537 1343 2603 iustum
1358 2555 1419 2601 an-

217 2655 336 2746 gelum
352 2654 443 2724 uidit
456 2655 505 2744 [in
520 2655 636 2746 specie
652 2655 750 2724 stelle
770 2655 932 2738 lucentis,
952 2655 1095 2745 insuper
1110 2653 1294 2734 iniustum,
1311 2673 1417 2741 ange·

218 2771 304 2860 lum]
327 2770 463 2838 malum
481 2770 519 2838 in
539 2771 654 2864 specie
670 2771 771 2840 stelle
786 2772 907 2861 nigre3
925 2770 963 2837 in
984 2769 1147 2858 pessimis
1164 2790 1261 2850 uero,
1284 2766 1419 2835 seilicet

218 2885 418 2954 homicidiis
438 2892 473 2954 et
491 2886 734 2956 consimilibus
754 2893 788 2954 et
817 2888 853 2954 in
876 2886 948 2954 illis
969 2885 1030 2976 qui
1055 2907 1127 2952 non
1151 2888 1250 2952 erant
1268 2903 1417 2950 conuer-

217 3000 311 3070 tendi
327 3001 436 3068 nichil
452 3002 554 3084 uidit,
572 3003 667 3093 quia,
684 3009 724 3070 ut
738 3003 866 3071 dicitur
882 3003 918 3069 in
935 3000 1141 3091 Euangelio‚
1159 2999 1283 3088 uulpes
1298 2999 1417 3066 foueas

215 3115 357 3199 hahent,
375 3115 410 3185 id
430 3123 481 3184 est
500 3116 677 3202 demones,
702 3117 737 3186 in
762 3117 922 3208 pessimis
947 3118 1031 3209 [uhi]
1054 3116 1195 3207 quidem
1221 3114 1336 3183 uideri
1356 3135 1417 3181 ne-

215 3238 361 3322 queunt.
371 3232 539 3302 Volucres
554 3234 620 3302 celi
634 3233 787 3324 {hahent}
801 3233 924 3301 nidum
937 3234 996 3325 (4),
1009 3233 1045 3302 id
1057 3238 1110 3300 est
1124 3231 1301 3312 demones,
1312 3251 1417 3319 super

216 3346 439 3416 mediocriter
463 3350 575 3416 malos
604 3351 652 3416 ita
678 3348 772 3440 quod
798 3373 818 3417 a
843 3351 971 3417 sanetis
997 3346 1207 3439 quandoque
1235 3345 1413 3414 uidentur.

216 3462 313 3530 Vnde
329 3484 410 3531 cum
426 3462 569 3553 quidam
587 3465 693 3533 trater
707 3464 949 3534 Cisterciensis
964 3468 1149 3555 egrotaret,
1159 3461 1320 3530 sacerdos
1335 3483 1420 3529 con-

215 3577 402 3645 fessionem
418 3580 493 3646 eius
513 3579 651 3648 audiuit
665 3586 700 3647 et
719 3585 839 3670 postea
855 3580 1051 3670 predictum
1067 3577 1256 3647 Geraldum
1271 3576 1416 3645 adduxit

214 3691 253 3759 ad
266 3698 441 3784 egrotum,
458 3699 498 3761 ut
512 3695 812 3785 contemplaretur
827 3697 856 3763 si
872 3696 1036 3786 angelum
1054 3693 1186 3761 honum
1200 3691 1354 3760 haberet.
1373 3690 1415 3757 Et

214 3805 300 3874 dixit
314 3808 421 3876 frater
435 3808 604 3878 Geraldus
619 3811 726 3901 quod,
738 3810 768 3878 si
784 3812 821 3878 in
837 3811 898 3878 tali
915 3817 1007 3878 statu
1024 3815 1230 3890 moreretur,
1248 3807 1413 3895 dampna·

216 3929 320 3992 retur.
338 3922 471 3992 lterum
485 3927 630 3994 accessit
650 3927 809 3995 sacerdos
824 3925 867 3994 ad
883 3933 1056 4017 egrotum,
1074 3931 1107 3993 et
1123 3923 1308 3992 efficaciter
1323 3942 1415 3989 com·

215 4037 351 4107 monuit
360 4040 454 4130 quod
466 4039 531 4108 sihi
547 4041 688 4132 singula
703 4047 840 4132 peccata
857 4043 1107 4110 manifestaret.
1120 4040 1160 4107 Et
1171 4038 1260 4106 dixit
1272 4042 1414 4127 egrotus

217 4153 304 4242 quod
320 4156 440 4222 omnia
454 4177 607 4246 quorum
623 4159 830 4226 memoriam
850 4156 974 4225 hahuit
994 4156 1061 4223 sibi
1077 4154 1329 4223 manifestauit.
1348 4151 1413 4220 lte-

267 4322 304 4394 (Ι)
319 4324 413 4398 herne
429 4341 560 4381 sermon.

265 4411 303 4482 (2)
317 4412 400 4467 ainsi
414 4428 490 4485 pour
504 4417 672 4471 continente.

267 4499 302 4571 (3)
317 4500 411 4556 litme
424 4517 555 4559 sermon.

267 4587 303 4658 (t)
318 4576 427 4662 Brnng.
444 4589 526 4646 selon
541 4592 569 4648 S.
587 4594 654 4661 Luc,
669 4595 699 4650 C.
715 4611 754 4663 rx,
770 4612 795 4649 v.
812 4597 856 4651 58.
