3270 5626
603 476 832 530 coenaculo
858 480 1022 532 Tuarla.
1370 483 1416 532 lbi

213 632 277 693 ret.
300 623 376 705 Quo
395 623 498 705 lacto,
521 624 619 691 Rana
638 645 718 691 eum
745 623 843 692 Mure
865 647 992 714 aquam
1016 623 1157 691 intravi!
1183 630 1216 690 et
1239 624 1275 690 in
1301 625 1415 693 medio

213 741 358 808 flumine
378 739 513 807 blurem
528 738 729 807 submersit.
1071 738 1073 742 ’

278 857 336 924 Sic
351 857 433 924 sarit
452 855 607 924 mundus
627 856 842 923 amatoribus
858 857 945 923 suis.

280 970 345 1039 Vel
365 971 494 1038 similis
514 978 565 1039 est
583 970 737 1038 mundns
753 971 882 1054 arbori,
913 973 970 1039 cui
991 970 1153 1060 Elephas,
1172 993 1252 1038 cum
1273 969 1416 1059 dormit,

215 1110 251 1156 se
271 1085 446 1178 appodiat.
470 1086 537 1154 Sed
548 1092 743 1163 venatores,
767 1109 847 1155 oum
863 1108 936 1153 non
949 1087 1085 1176 possint
1108 1108 1189 1154 eum
1214 1086 1317 1153 aliter
1338 1107 1420 1153 con-

216 1202 615 1293 prehendere,arborom
633 1201 818 1270 succidunt
830 1203 892 1285 sie,
903 1208 943 1269 ut
957 1201 1120 1291 Elephas,
1137 1222 1235 1269 more
1251 1208 1418 1269 consueto

215 1342 321 1410 super
342 1318 440 1387 illam
453 1318 656 1409 appodians,
672 1317 776 1385 simul
793 1339 874 1385 eum
890 1317 952 1384 illa
973 1316 1077 1385 cadit.
1095 1316 1256 1397 Quicum
1277 1339 1418 1407 surgere

216 1457 287 1502 non
314 1434 461 1523 possita
483 1432 708 1501 venatoribus
741 1431 1051 1523 conprehenditur.
1074 1433 1130 1500 Sic
1151 1433 1212 1522 qui
1234 1432 1270 1498 in
1286 1430 1418 1499 mundo

214 1549 371 1634 confidit,
388 1571 469 1618 cum
486 1547 618 1617 mundo
635 1550 705 1615 ruit
720 1554 753 1616 et
771 1571 791 1615 a
806 1546 1019 1616 demonibus
1036 1549 1259 1616 interlicitnr.

448 1773 467 1822 v
493 1771 583 1841 (xa).
604 1803 638 1812 -
658 1772 720 1842 [on
747 1770 967 1826 narnanoo
994 1771 1041 1825 ar
1068 1770 1195 1841 euro]

423 1927 610 1998 Quomodo
632 1926 818 1998 dyabolus
841 1925 982 1997 dectptt
1001 1925 1210 1984 usurarios.

282 2082 486 2174 lleynardus
504 2083 612 2151 semel
634 2082 737 2151 duxit
757 2083 896 2171 Lupum
918 2081 961 2148 ad
987 2081 1104 2149 locum
1126 2079 1319 2147 multarum
1344 2102 1418 2147 car-

213 2199 325 2267 nium.
344 2198 410 2279 Qui
427 2221 506 2266 cum
523 2198 640 2266 tenuis
656 2198 888 2287 perforamen
904 2197 1111 2287 ar[c]t(i)um
1126 2196 1300 2277 intrasset,
1323 2196 1420 2262 intla-

213 2322 269 2384 tus
289 2315 401 2382 nimia
415 2313 697 2405 com(m)estione
713 2315 808 2381 exire
822 2334 892 2379 non
911 2313 1036 2400 potuit.
1053 2311 1189 2400 Vigiles
1210 2332 1306 2392 vero,
1324 2311 1418 2378 exci-

213 2431 275 2499 tati
295 2453 358 2519 per
371 2417 561 2498 clamdrcm
583 2428 769 2520 Reynardi‚
789 2428 925 2516 Lupum
953 2449 1064 2517 usque
1088 2425 1132 2493 ad
1152 2425 1417 2493 evacuationem

215 2548 489 2637 instigaverunt.

280 2663 338 2730 Sic
362 2661 489 2729 demon
519 2662 736 2745 usurarium,
759 2682 840 2728 cum
870 2681 931 2749 per
958 2659 1267 2749 congregationem
1292 2680 1417 2724 usura·

213 2801 292 2846 rum
315 2784 453 2845 tantum
480 2779 584 2846 fuerit
612 2777 751 2845 inflatus
773 2799 793 2844 a
815 2774 905 2865 pelle
928 2775 1055 2850 carnis,
1080 2774 1197 2862 ipsum
1220 2773 1256 2840 in
1277 2773 1415 2840 inferno

213 2893 408 2984 fustigabit.

213 3119 250 3173 vl
273 3117 380 3188 (xli).
400 3147 436 3158 —
456 3118 519 3188 {DE
546 3116 713 3182 Quonau
740 3117 882 3171 nitida
902 3117 950 3171 ET
973 3117 1143 3181 QUODAM
1169 3113 1415 3184 Ratldtoso]

493 3262 681 3334 Quomodo
703 3262 943 3321 infirmitates
964 3264 1132 3334 prosunt.

278 3391 427 3474 Quidam
450 3393 562 3473 Miles,
585 3391 707 3460 morbo
723 3391 883 3466 afflictus,
906 3392 1042 3483 rogavit
1061 3390 1238 3480 quendam
1259 3389 1410 3481 Religio·

210 3531 302 3593 sum,
319 3514 358 3576 nt
373 3531 414 3575 eo
429 3514 551 3576 orante
564 3507 605 3575 ad
624 3508 735 3576 Deum
750 3531 769 3575 a
785 3507 908 3575 morbo
923 3529 987 3574 suo
1002 3507 1225 3575 liberaretur.
1243 3506 1306 3573 Cui
1323 3505 1417 3573 Reli·

210 3626 329 3715 giosus
353 3624 400 3692 ait
422 3645 430 3693 :
449 3625 510 3692 llic
530 3624 651 3707 michi,
674 3624 792 3706 irater,
818 3625 855 3691 in
877 3646 946 3714 quo
971 3629 1064 3690 statu
1087 3623 1199 3711 magis
1222 3620 1344 3711 dirigis
1370 3619 1413 3687 ad

210 3740 321 3809 Deum
344 3740 575 3807 intentionem
589 3746 699 3816 tuam,
715 3738 799 3806 dum
816 3761 923 3806 sanus
940 3761 976 3806 es
992 3744 1053 3805 aut
1067 3737 1151 3805 dum
1167 3736 1293 3804 morbo
1308 3736 1415 3803 afllic·

211 3859 287 3924 tus?
303 3856 366 3924 Cui
383 3855 441 3924 ille
461 3876 472 3934 ;
496 3855 585 3922 Dum
602 3878 657 3922 me
677 3854 841 3923 molestat
855 3854 1010 3937 morbus,
1029 3860 1123 3921 totus
1138 3853 1258 3920 animo
1275 3851 1414 3941 suspiro

210 3971 251 4040 ad
272 3972 402 4052 Deum3
423 3994 505 4040 cum
529 3972 647 4038 sencio
670 3992 886 4050 mesanum,
916 3975 1009 4037 totus
1034 3969 1139 4037 rebus
1162 3965 1414 4057 temporalibus

210 4089 339 4177 aspiro.
355 4087 501 4156 nedixit
520 4089 574 4154 vir
595 4087 732 4154 iustus:
751 4085 819 4154 Oro
842 4091 882 4154 ut
902 4085 994 4153 Deus
1013 4090 1046 4151 te
1062 4089 1244 4153 conservet
1264 4083 1300 4149 in
1321 4088 1414 4150 statu

209 4203 431 4295 egritudinis,
451 4205 487 4270 in
507 4226 576 4293 quo
597 4204 674 4292 plus
690 4202 792 4269 times
813 4202 939 4269 Deum.

278 4318 376 4388 Unde
396 4319 542 4387 verbum
562 4339 568 4384 :

375 4466 455 4525 Cum
472 4464 540 4524 lero
557 4463 759 4539 languorem.
778 4462 845 4522 lero
862 4460 1030 4538 religionis
1046 4475 1213 4534 amorem;

372 4571 494 4649 Expers
510 4569 687 4647 languoris,
705 4586 770 4629 non
786 4585 860 4628 sum
875 4584 1003 4628 memor
1017 4566 1116 4627 huius
1131 4566 1265 4628 amoris.
