3270 5626
365 505 411 554 260
571 498 740 550 NICOLAl
767 498 901 550 BOZON
932 496 1132 550 uxnuPLA
1165 494 1360 556 QUAEDAM.

433 645 482 713 lta
498 645 631 712 faciunt
647 643 766 733 plures
777 644 914 733 prelati,
928 649 993 711 etc.
1008 641 1087 710 ldeo
1103 639 1188 708 dicit
1202 639 1373 730 propheta
1389 641 1480 708 Osee
1496 641 1541 730 (l)
1557 663 1565 710 ε

365 764 543 851 Loquente
560 760 712 850 Effraym
732 758 857 827 horror
875 759 1006 828 invasit
1022 757 1139 825 lsrael.

658 1027 742 1082 vni.
765 1058 799 1065 -
823 1026 970 1094 [nunus
993 1025 1041 1080 ar
1064 1023 1202 1095 eleos]
1226 1022 1273 1096 (2).

432 1205 520 1296 (Fol.
544 1203 651 1293 litt.)
671 1203 830 1270 -Tales
850 1203 995 1285 faciunt,
1017 1202 1107 1270 sicut
1126 1200 1242 1269 Mures
1261 1200 1374 1268 semel
1393 1201 1563 1281 lecerunt,

364 1328 524 1390 tenentes
544 1319 619 1410 (fol.
640 1317 731 1407 120⁸)
749 1318 1021 1408 parliamentum
1042 1337 1158 1398 suum,
1184 1317 1222 1384 in
1243 1337 1313 1406 quo
1331 1324 1564 1407 conquestum

362 1443 437 1505 erat
452 1435 493 1504 de
509 1435 591 1503 Cato
610 1433 727 1502 Mures
748 1432 950 1501 destruente
970 1438 1005 1500 et
1024 1432 1096 1499 illis
1115 1431 1172 1499 die
1187 1453 1226 1499 ac
1241 1436 1344 1500 nocte
1359 1431 1560 1500 insidiante.

429 1550 561 1619 Fabula
576 1548 617 1617 de
629 1549 723 1631 Calc,
733 1547 826 1638 quod
836 1547 953 1616 Mures
968 1552 1224 1637 conquerentes
1233 1545 1276 1614 de
1292 1568 1333 1614 eo
1348 1547 1434 1637 quia
1446 1568 1566 1638 progo

362 1669 495 1734 nitores
515 1687 596 1732 suos
615 1662 856 1747 destruxisset,
867 1671 902 1731 et
915 1662 988 1730 illis
1002 1662 1059 1730 die
1078 1685 1117 1731 ac
1137 1668 1239 1730 nocte
1259 1660 1435 1730 insidians
1450 1685 1565 1753 aepea

362 1783 435 1850 suis
451 1780 591 1849 solaciis
606 1777 802 1869 impedivit.
820 1777 974 1847 Tandem
993 1801 1087 1846 unus
1102 1778 1246 1846 illorum
1265 1776 1362 1845 dedit
1375 1778 1565 1847 concilium

362 1897 437 1987 (sic)
455 1902 495 1964 ut
513 1894 732 1984 campanella
752 1895 844 1962 circa
862 1894 994 1961 collum
1015 1893 1088 1961 Cati
1103 1890 1327 1982 penderetur,
1344 1893 1403 1961 vel
1419 1916 1565 1984 ponere-

362 2020 430 2097 tur,
448 2018 481 2080 et
497 2012 547 2079 sic
561 2011 851 2101 promunirentur
866 2008 907 2078 de
923 2007 1076 2078 adventu
1092 2009 1178 2091 Cati,
1196 2015 1231 2077 et
1245 2009 1420 2100 sugerent.
1432 2010 1565 2079 Placuit

361 2126 527 2198 omnibus
554 2125 647 2193 istud
681 2125 885 2208 consilium,
917 2130 1085 2215 tanquam
1114 2122 1247 2191 bonum
1276 2130 1311 2191 et
1339 2146 1482 2207 sanum,
1508 2125 1565 2193 sed

361 2241 590 2335 querentibus
610 2240 704 2309 inter
722 2263 759 2308 se
779 2241 859 2331 quis
880 2238 1082 2330 hujusmodi
1101 2239 1240 2306 consilii
1263 2240 1370 2307 fuerit
1389 2248 1565 2324 executor,

361 2381 432 2426 non
453 2365 505 2426 est
527 2359 692 2424 inventus
712 2357 773 2446 qui
794 2354 1052 2445 campanellam
1072 2356 1165 2423 circa
1182 2355 1314 2423 collum
1336 2355 1413 2424 Cati
1438 2379 1566 2447 ponere

360 2472 517 2556 auderet,
542 2471 598 2539 vel
620 2476 859 2561 attemptaret;
888 2469 981 2538 unde
1006 2469 1121 2551 Catus,
1143 2470 1233 2538 sicut
1255 2471 1366 2560 prius,
1391 2473 1566 2562 prevaluit

361 2595 481 2659 contra
501 2611 571 2656 eos.

426 2705 483 2773 Sic
497 2704 628 2794 plures,
642 2708 725 2784 etc.;
739 2700 799 2769 sed
813 2724 892 2769 cum
902 2699 1063 2769 viderent
1078 2687 1298 2791 presenciam
1315 2703 1464 2773 illorum
1480 2727 1566 2795 quos

360 2821 527 2892 deberent
541 2820 728 2910 corrigere,
740 2840 812 2885 non
829 2823 881 2885 est
896 2815 974 2906 plus
990 2838 1096 2907 quam
1109 2837 1117 2885 ε
1132 2819 1230 2907 Olym
1237 2820 1252 2885 Ι
1264 2818 1386 2888 Clam!
1397 2820 1455 2889 tlte
1473 2823 1565 2888 Corte

362 2936 434 3028 lepe
455 2959 532 3003 over
551 2933 761 3002 thedomme.

640 3175 688 3228 rx.
714 3205 749 3218 .-
772 3174 948 3244 [lamma
974 3174 1020 3227 ar
1044 3173 1212 3244 vaurusi
1237 3175 1284 3245 (a).

430 3354 519 3442 (Fol.
542 3352 647 3425 ΜΨ.)
669 3392 712 3401 -
738 3352 875 3417 Aranea
902 3373 963 3439 per
985 3348 1181 3418 doctrinam
1206 3374 1352 3420 suorum
1382 3361 1566 3442 parentum

364 3470 487 3558 incipit
506 3475 622 3535 texere
645 3466 752 3534 telam
772 3465 815 3533 ad
840 3487 978 3533 muscas
1003 3466 1201 3554 capiendae,
1220 3475 1254 3534 et
1277 3469 1370 3535 circa
1392 3468 1459 3537 hoc
1482 3470 1568 3537 mul-

363 3595 438 3655 tum
455 3584 690 3674 sollllicitatur
710 3584 747 3649 in
763 3583 938 3649 continuis
954 3579 1143 3664 laboribus,
1162 3582 1216 3650 die
1233 3589 1268 3650 et
1288 3592 1403 3666 nocte,
1423 3585 1485 3653 sed
1501 3609 1569 3653 mo-

306 3685 310 3693 *
363 3703 440 3769 dico
461 3706 565 3768 vento
586 3698 698 3790 pordit
722 3696 890 3764 laborem.

432 3818 481 3884 lta
502 3823 553 3882 est
574 3817 609 3881 in
632 3815 696 3880 isto
717 3836 807 3879 novo
828 3813 957 3880 seculo.
981 3813 1093 3893 Quam
1115 3815 1183 3881 cilo
1204 3817 1320 3882 sciunt
1344 3819 1447 3906 pueri
1474 3820 1570 3910 equi-

366 3941 451 4015 tare,
464 3935 654 3999 mittuntur
666 3929 719 4018 (ad
729 3930 857 4008 cunina,
872 3928 926 3994 vel
939 3928 980 3996 ad
993 3931 1242 4008 mercaciones‚
1256 3931 1322 4018 vel)
1331 3932 1375 4000 ad
1391 3932 1572 4003 addiscen-

366 4049 450 4116 dum
465 4046 629 4127 cautelas,
648 4045 690 4113 ad
705 4042 913 4135 capiendum
925 4043 1104 4127 denarios;
1123 4045 1164 4112 dc
1185 4045 1313 4137 quibus
1328 4050 1378 4117 ait
1399 4050 1571 4141 Propheta

367 4166 470 4254 Ysay,
485 4165 532 4252 [C.
555 4186 619 4240 ux,
638 4162 686 4249 aa]
704 4166 722 4227 5
737 4181 744 4228 :
758 4160 857 4226 Telas
872 4182 998 4227 araneo
1019 4162 1244 4249 textulerunl.
1263 4186 1326 4231 nec
1347 4173 1456 4233 erunt
1471 4168 1522 4234 eis
1538 4169 1571 4234 in

437 4402 444 4450 l
476 4397 506 4450 C.
524 4412 580 4457 inu,
598 4412 622 4449 v.
642 4398 665 4447 l.

423 4397 463 4554 ill
477 4488 635 4554 Comparez
650 4482 754 4548 Eudes,
770 4481 788 4535 l.
806 4491 870 4544 ure,
890 4483 925 4535 Dc
939 4482 1065 4537 Muribus
1081 4490 1106 4538 et
1122 4485 1211 4539 Cotto.

426 4576 463 4646 (3)
479 4575 637 4642 Compnrez
653 4572 758 4636 Endos,
773 4571 792 4625 l.
810 4579 867 4634 xv,
883 4571 919 4624 Dc
932 4572 1051 4626 Arcaea.
