3270 5626
349 514 395 563 280
578 509 729 563 ODONIS
755 511 807 562 DE
834 509 1047 563 contrella
1074 509 1323 562 PARABOLAE.

348 656 459 738 niens,
479 654 600 724 eadem
616 654 702 723 hora
717 677 786 745 qua
805 653 847 722 de
868 677 1013 744 corpore
1034 660 1109 722 erat
1131 654 1301 736 exituruS,
1320 654 1454 745 apertis
1474 676 1555 722 ocu·

349 771 391 838 lis
411 770 502 839 uidit
521 771 733 862 nigerrimos
753 771 897 862 spiritus
918 792 1035 839 coram
1060 793 1096 837 se
1116 769 1291 850 assistere,
1314 775 1355 837 ut
1375 769 1495 859 ipsum
1515 769 1554 837 ed

349 887 478 954 interni
499 887 652 955 claustra
676 893 850 977 raperent.
875 886 973 976 Cepit
1000 892 1161 966 tremere,
1184 885 1389 974 pallescere,
1414 884 1552 966 sudare,

348 1003 513 1070 maximis
539 1002 684 1071 uocibus
719 1003 877 1070 inducias
905 1008 1034 1091 petere.
1060 1000 1192 1069 Filium
1220 1022 1326 1068 suum
1356 999 1553 1069 maximum

348 1119 492 1187 uocauit
506 1125 539 1186 et
559 1117 606 1186 ait
623 1139 631 1186 ε
649 1117 716 1185 Fili
732 1118 898 1196 maxime,
919 1139 1103 1208 nunquam
1123 1115 1256 1207 aliquid
1277 1102 1363 1185 mali
1384 1115 1451 1184 tibi
1470 1116 1552 1198 feei;

348 1234 385 1301 in
405 1234 471 1302 lide
486 1240 546 1302 tua
570 1256 626 1301 me
646 1235 796 1323 suscipe.
814 1234 926 1302 Affuit
947 1232 1082 1300 familia
1100 1255 1181 1300 cum
1200 1233 1368 1300 maximo.
1385 1232 1454 1299 Per
1480 1233 1553 1299 eius

348 1349 605 1418 confessionem
627 1349 793 1417 demones
820 1337 962 1417 affuisse
985 1347 1245 1416 intellexerunt.
1270 1348 1407 1415 Pauore
1436 1354 1552 1415 autem

347 1464 537 1533 demonum
558 1464 627 1532 hue
640 1464 725 1533 illuc
741 1465 777 1532 in
796 1465 925 1532 lectulo
944 1464 1160 1533 uertebatur.
1178 1462 1408 1553 Quocumque
1424 1485 1463 1530 se
1478 1485 1552 1531 uer·

347 1578 452 1662 tebet,
470 1581 550 1648 tetri
568 1581 713 1669 spiritus
726 1578 880 1648 aderant.
896 1580 961 1647 Pre
982 1579 1146 1671 angustia
1164 1586 1283 1647 autem
1303 1579 1397 1670 cepit
1413 1579 1550 1670 magnis

347 1693 492 1763 uocibus
507 1694 657 1763 clamare
671 1716 679 1762 ε
695 1695 855 1764 lnducias
870 1718 981 1786 usque
994 1717 1116 1776 mane;
1130 1694 1289 1763 inducias
1303 1715 1417 1784 usque
1431 1697 1548 1761 mane!

348 1810 421 1878 lam
444 1810 494 1878 ita
509 1809 633 1879 delicie
656 1819 689 1880 et
708 1809 832 1879 diuitie
853 1810 1020 1894 fetebant,
1042 1811 1136 1902 qued
1155 1815 1268 1879 totum
1290 1809 1467 1878 mundum
1490 1829 1550 1899 pre

348 1925 499 1994 induciis
514 1929 620 1995 unius
636 1926 705 1996 diei
721 1929 780 1996 uel
799 1928 906 1996 unius
921 1928 1034 1995 noctis
1049 1926 1213 2011 dedisset,
1231 1933 1271 1994 ut
1285 1947 1306 1993 a
1318 1925 1431 1994 fetore
1447 1923 1549 1993 uitio-

347 2063 427 2110 rum
454 2049 488 2110 et
509 2042 715 2112 diuitiarum
736 2066 772 2112 se
794 2049 911 2133 posset
933 2042 1098 2126 liberare3
1123 2040 1196 2125 sed,
1220 2064 1302 2111 cum
1326 2041 1512 2121 clamaret,
1531 2062 1549 2107 a

349 2156 558 2227 demonibus
578 2157 620 2227 de
641 2160 756 2227 earnis
776 2159 975 2227 habitaculo
991 2159 1135 2227 euulsus
1151 2165 1214 2225 est.

419 2408 556 2464 xxxix.
577 2441 613 2450 -
635 2410 686 2464 DE
713 2411 843 2466 BEATO
869 2409 1050 2465 ANTONIO
1076 2408 1125 2464 ET
1150 2408 1242 2464 vasi
1267 2407 1406 2463 AUREO
1432 2405 1481 2479 (l).

415 2587 539 2654 Beatus
566 2587 752 2670 Antonius,
775 2610 855 2656 cum
879 2586 947 2655 iret
965 2609 1027 2676 per
1050 2584 1228 2654 desertum
1252 2591 1286 2652 et
1311 2605 1377 2652 uas
1403 2604 1546 2651 aureum

348 2700 440 2794 quod
474 2703 641 2771 demones
673 2704 711 2772 in
748 2704 870 2792 uialml
909 2703 1129 2792 proiecerant
1164 2687 1374 2781 inuenisset,
1410 2706 1547 2789 tangere

347 2818 473 2887 noluit.

414 2934 584 3001 Similiter
598 2935 715 3002 Sancti
731 2958 751 3002 a
771 2933 910 3002 diuiciis
929 2933 1188 3014 abstinuerunt,
1205 2955 1250 3000 ne
1272 2953 1400 2999 manus
1420 2930 1547 2998 lutosas

348 3073 463 3118 eoram
484 3051 632 3118 Domino
646 3057 833 3140 portarent.

539 3302 598 3356 Xl..
624 3333 658 3340 —
679 3294 734 3355 'DE
761 3301 930 3365 QUODAM
956 3300 1109 3356 STULTO
1137 3298 1218 3355 Cllld
1245 3297 1358 3352 DOMO

750 3399 829 3453 SUA
853 3398 1067 3453 COMBUSTO
1094 3400 1143 3469 (2).

414 3576 563 3659 Quidam
580 3578 719 3660 stultus,
742 3599 824 3645 cum
844 3576 968 3669 domus
989 3598 1052 3643 sua
1076 3573 1334 3654 accenderetur,
1360 3569 1496 3662 paleam
1517 3574 1546 3633 et

346 3692 442 3783 ligna
462 3694 635 3783 apposuit,
654 3694 701 3760 ita
717 3692 808 3783 quod
830 3692 955 3759 domus
969 3714 1048 3758 cum
1065 3692 1139 3779 ipse
1155 3687 1339 3757 combusta
1360 3692 1425 3754 est.

413 3808 512 3876 Tales
525 3815 607 3877 sunt
620 3807 750 3899 cupidi,
767 3809 826 3897 qui
838 3805 1100 3898 multiplicando
1114 3805 1260 3872 diuicias
1271 3802 1422 3871 credunt
1436 3801 1544 3892 ignem

346 3924 496 3992 auaricie
513 3927 732 4015 extinguere;
745 3923 803 3991 sed
817 3922 957 4014 quando
972 3921 1053 3989 talia
1065 3921 1172 4011 ligna,
1184 3918 1317 3988 scilieet
1328 3914 1543 4008 temporalia,

348 4048 617 4132 congregantur,
635 4046 731 4107 tanto
749 4040 860 4130 magis
880 4039 972 4129 ignis
987 4037 1140 4105 auaricie
1156 4033 1370 4104 accenditur.

402 4246 441 4316 (l)
457 4247 549 4301 Meme
565 4262 696 4301 sermon.

401 4336 438 4406 (2)
454 4337 598 4390 Dorninico
619 4339 650 4390 in
665 4335 888 4406 quadragesime,
902 4333 1049 4389 secuudum
1066 4332 1227 4397 lllcttlreum,
1244 4331 1321 4399 ,rir'j⁰.
1334 4359 1370 4370 -
1384 4331 1494 4385 Ductus
1507 4331 1544 4379 cst

345 4425 448 4480 llicsus
463 4424 493 4477 in
507 4425 657 4480 desertum
671 4425 810 4495 aSpiritu
825 4428 937 4478 saneto.
