3270 5626
376 484 423 533 aa
699 448 850 531 ononis
878 477 1061 530 rnaums
1087 478 1253 540 enarre,

375 626 571 718 penitentia
590 624 699 704 ducti,
713 622 931 714 abepiscopo
956 622 1107 691 absoluti
1127 629 1222 706 sunt,
1243 629 1279 691 et
1293 623 1483 715 episcopus
1500 647 1575 694 cnm

374 743 449 812 suis
464 741 609 809 recessit
625 738 838 828 indempnis.

441 856 695 947 Augustinus:
722 854 861 935 Quanto
882 853 1123 922 moderamine
1149 852 1194 921 ab
1221 853 1393 923 illicebris
1417 855 1495 946 (sic)
1522 857 1575 945 [et]

374 970 572 1062 aspectibus
593 969 806 1038 mortalibus
823 976 876 1037 est
894 967 1159 1053 abstinendum,
1175 992 1220 1038 ex
1238 991 1308 1060 quo
1325 993 1390 1060 per
1410 971 1528 1040 visum
1543 973 1577 1040 in

374 1093 523 1156 mortem
550 1087 685 1155 corruit
707 1093 824 1153 mater
846 1084 1063 1169 viuencium,
1091 1083 1126 1153 id
1155 1090 1208 1154 est
1227 1085 1312 1153 Eua.
1345 1084 1438 1178 Sepo
1460 1088 1575 1178 regula

374 1204 533 1295 increpat
556 1201 649 1293 quod
664 1201 788 1270 oculus
808 1198 1041 1269 commendat.

398 1418 473 1473 XIII
503 1417 650 1488 (XLVII).
682 1446 718 1457 -
745 1415 795 1471 DE
826 1414 1012 1482 QUODAM,
1043 1414 1176 1470 OPERI}
1206 1414 1394 1471 nunant!
1424 1416 1555 1472 velun

687 1513 960 1569 carantanas
990 1511 1048 1585 (sic)
1078 1512 1266 1568 VIUENTE.

441 1662 591 1747 Quidam
607 1670 682 1732 erat
700 1686 804 1755 opere
824 1663 982 1731 manuali
1005 1663 1103 1732 velut
1122 1661 1329 1731 orthalanus
1347 1663 1497 1745 viuens;
1517 1666 1570 1756 qui

373 1780 597 1850 mediocriter
621 1778 798 1848 cotidiano
827 1779 975 1848 deducto
1004 1777 1186 1848 residuum
1208 1777 1337 1847 Christi
1367 1779 1571 1870 pauperibus

373 1896 532 1987 erogauit
545 1895 785 1986 optimamque
808 1894 960 1963 salutem
973 1894 1191 1984 corporalem
1206 1892 1420 1984 possidebat.
1441 1895 1505 1964 Cui
1519 1895 1573 1964 ad·

372 2012 551 2081 uersarius
566 2012 706 2101 generis
721 2010 870 2079 humani
891 2009 1055 2080 inuideas
1074 2010 1112 2077 in
1131 2010 1244 2078 forma
1263 2008 1423 2078 hominis
1438 2031 1573 2103 sugges

373 2128 419 2197 sit
436 2134 475 2196 vt
493 2126 560 2195 sibi
576 2149 619 2195 ex
638 2127 756 2195 labore
778 2149 841 2196 suo
856 2149 919 2217 pro
940 2131 1031 2194 etate
1051 2125 1155 2193 senili
1175 2123 1398 2215 prouideret3
1415 2133 1451 2194 ct
1464 2126 1573 2196 ortha-

373 2243 488 2325 Ianus,
510 2265 573 2311 sue
600 2243 816 2333 suggestioni
838 2242 1097 2332 obtemperans,
1113 2262 1175 2330 per
1187 2262 1391 2331 processum
1413 2243 1573 2332 temporis

373 2359 534 2452 lagenam
553 2358 694 2448 plenam
714 2358 941 2426 denariorum
963 2357 1000 2425 in
1020 2356 1156 2426 occulto
1175 2354 1386 2446 deponebat,
1407 2363 1443 2425 et
1461 2359 1571 2427 statim

373 2475 579 2543 infirmitate
604 2473 791 2542 incurabili
817 2472 940 2562 pedem
961 2472 1084 2541 habuit
1104 2471 1298 2541 detentum.
1323 2472 1438 2554 Quem
1459 2475 1572 2542 multis

373 2589 518 2658 medicis
534 2587 751 2672 ostendebat,
774 2595 808 2685 et
822 2611 865 2656 ex
881 2587 1047 2678 predictis
1059 2586 1214 2679 denarijs
1229 2589 1454 2680 congregatis
1469 2589 1570 2658 nichil

373 2704 586 2797 proficiebat.
597 2705 640 2772 Et
651 2705 777 2773 ultimo
788 2703 931 2795 quidem
949 2702 1023 2793 (sic)
1040 2703 1293 2794 superueniens
1308 2702 1400 2772 dixit
1414 2728 1452 2773 se
1465 2705 1572 2774 curari

373 2844 444 2891 non
465 2844 577 2912 posse,
595 2821 664 2888 nisi
684 2842 745 2912 pes
767 2825 1020 2912 amputaretur,
1042 2827 1077 2888 et
1096 2818 1296 2889 statuebant
1315 2819 1411 2889 inter
1429 2844 1468 2889 se
1487 2829 1524 2889 vt
1541 2822 1572 2889 in

374 2937 525 3006 crastino
540 2934 789 3004 abscideretur.
808 2936 983 3025 Nocteque
999 2941 1166 3025 sequente
1188 2934 1363 3002 reclinans
1380 2937 1418 3003 in
1437 2936 1572 3028 grabato

374 3052 463 3120 dixit
484 3072 491 3118 :
509 3052 613 3130 DeuS,
636 3058 733 3140 pater
754 3050 1086 3130 misericordiarum,
1105 3051 1272 3118 confiteor
1292 3073 1348 3118 me
1371 3053 1409 3119 in
1428 3054 1570 3121 immen-

360 3153 663 3257 'sumdeliquisse
675 3190 738 3235 nec
751 3168 1010 3257 imperpetuum
1020 3188 1137 3234 rerum
1151 3166 1380 3234 eumilacioni
1392 3168 1466 3258 pic)
1479 3170 1571 3236 insis-

373 3289 457 3366 tam,
475 3289 513 3350 vt
527 3305 583 3350 me
600 3284 635 3349 in
652 3285 805 3373 presenti
822 3283 981 3351 adiuues.
992 3282 1055 3351 Cui
1071 3282 1232 3351 Christus
1253 3283 1393 3351 inmisit
1414 3286 1571 3376 angelum

373 3420 478 3466 suum
494 3400 554 3488 qui
570 3398 658 3465 dixit
676 3420 682 3466 :
700 3399 816 3481 Miser,
831 3401 900 3465 iam
922 3399 1064 3466 sensisti
1080 3397 1165 3488 quid
1184 3421 1302 3466 rerum
1320 3399 1465 3488 prodest
1485 3424 1572 3469 aceu-

373 3514 524 3582 mulacio
541 3514 848 3605 eletelmosincque
868 3515 1044 3582 retractio.
1063 3512 1105 3580 Et
1122 3511 1246 3603 pedem
1266 3513 1453 3583 infirmum
1475 3538 1570 3584 manu

260 3718 264 3727 .
374 3653 437 3699 sua
446 3638 606 3721 tangens
622 3632 723 3719 plene
737 3631 885 3697 curauit.
904 3630 946 3697 Et
958 3651 1062 3697 mane
1077 3629 1183 3710 lacta,
1201 3650 1301 3697 more
1317 3630 1436 3714 solito,
1457 3633 1493 3700 in
1506 3638 1570 3700 orto

373 3769 437 3816 suo
458 3745 570 3814 valide
593 3745 756 3828 fodiebat,
781 3752 814 3812 et
835 3745 1004 3827 medicus,
1027 3745 1177 3813 veniens
1198 3752 1231 3812 et
1250 3767 1312 3834 per
1332 3745 1484 3815 relatum
1500 3771 1570 3838 ope·

373 3862 483 3930 rantis
512 3862 665 3953 qualiter
688 3868 830 3927 sanatus
863 3868 914 3928 est
938 3882 1166 3951 cognoscens,
1194 3859 1373 3929 Christum
1394 3864 1568 3955 magnilica

373 3976 604 4046 collaudabat.

463 4190 528 4244 xlv
556 4190 718 4262 (XLVIII).
748 4223 781 4229 —
810 4192 858 4246 DE
887 4191 1058 4255 QUIDAM
1089 4190 1300 4256 hathone,
1330 4192 1411 4255 Qut.
1442 4195 1491 4247 ΑΒ

614 4289 791 4345 OMNIBUS
821 4288 978 4344 SrlNCTA
1006 4287 1335 4344 PIIEIIICABATUII.

441 4437 599 4518 Quodam
613 4449 686 4508 erat
700 4441 869 4519 Matrona,
886 4463 965 4530 que,
979 4441 1103 4508 limina
1112 4438 1257 4508 basilice
1272 4439 1397 4508 crebro
1413 4442 1562 4528 tertrtens

373 4557 407 4620 et
426 4556 648 4623 oracionibus
673 4556 802 4624 ibidem
826 4557 1005 4639 insistens,
1026 4554 1068 4623 ab
1086 4555 1252 4624 omnihus
1277 4563 1398 4623 sancta
1420 4555 1560 4644 predica·
