3270 5626
470 508 706 560 cottucuto
730 508 871 561 PRIMA.
1225 510 1272 560 313
1336 547 1343 561 .

69 651 197 742 potuit.
223 650 408 720 Seruiente
430 653 526 720 enim
550 654 688 721 iussum
711 652 848 722 domini
877 653 933 720 sui
954 652 1186 742 perimplente
1206 652 1274 719 lar-

70 767 222 858 giusque
246 766 417 836 mendicis
441 775 620 860 erogante,
643 770 774 837 mirum
794 769 833 836 in
857 766 1003 836 modum
1022 767 1167 837 adaucte
1190 773 1273 835 sunt

69 882 206 951 domini
221 882 417 952 facultates.
440 883 540 965 Quod
554 883 721 952 dominus
736 884 958 975 comperiens
978 883 1153 951 famulum
1168 881 1274 951 aduo-

70 1004 188 1067 catum
203 998 347 1091 rogabat
366 999 396 1067 si
410 998 504 1090 quod
520 1000 624 1067 iussit
638 1000 896 1092 perimplesset.
915 997 983 1079 Qui
998 1022 1035 1067 se
1051 999 1088 1067 in
1107 997 1274 1067 omnibus

69 1113 237 1183 mandato
259 1137 323 1183 suo
343 1114 541 1184 affirmabat
560 1115 820 1206 obtemperasse
840 1120 874 1183 et
892 1114 988 1182 vltra
1009 1113 1097 1182 fines
1117 1112 1273 1182 mandati

70 1229 256 1322 egentibus
279 1252 455 1323 erogasse,
478 1236 611 1299 etcum
630 1230 796 1300 dominus
818 1231 878 1299 ille
898 1231 1068 1299 virtutem
1094 1230 1274 1320 ele[e]mo-

69 1345 147 1415 sine
160 1351 296 1414 tantam
310 1344 626 1430 animaduertebat,
643 1346 776 1438 largius
797 1345 1011 1438 pauperibus
1027 1344 1272 1428 distribuebat,

68 1458 200 1529 Christi
220 1483 283 1553 per
299 1463 421 1531 omnia
436 1460 606 1530 obediens
623 1461 810 1530 mandatis.

94 1711 200 1769 xvttt
228 1712 316 1784 (tlt).
345 1742 382 1753 -
408 1712 460 1768 DE
487 1712 657 1779 QUODAM
686 1712 818 1768 PATRE
848 1711 1023 1768 DUORUM
1050 1711 1252 1769 utttcfluu

385 1810 527 1867 DiUITE
554 1810 604 1865 ET
632 1811 767 1865 vatus
795 1809 958 1866 CUPIDO.

138 1987 221 2058 Erat
236 1986 380 2079 quidam
391 1986 826 2078 paterduorumtiliorum,
837 1986 938 2056 diues
953 1987 1098 2057 etvalde
1111 1988 1272 2078 cupidus,

71 2104 339 2195 multarumque
360 2125 478 2172 rerum
498 2104 652 2173 iniustus
673 2109 914 2196 congregator.
945 2103 1067 2172 lunior
1085 2104 1180 2173 filius
1199 2127 1275 2174 mo-

71 2221 269 2290 nasterium
289 2221 470 2311 ingressus
485 2226 549 2289 est.
568 2221 672 2289 Pater
685 2218 846 2302 decessit,
866 2218 1038 2311 heresque
1058 2221 1167 2310 patris
1181 2219 1275 2289 dete·

70 2337 145 2405 rior
162 2334 206 2405 de
225 2334 342 2404 medio
357 2335 517 2404 sublatus
537 2341 601 2403 est.
619 2334 818 2426 Religiosus
839 2335 901 2403 ille
916 2341 1106 2425 superstes,
1123 2334 1166 2404 de
1181 2341 1274 2405 statu

69 2453 180 2544 patris
195 2457 231 2521 et
241 2451 360 2519 fratris
375 2451 431 2520 sui
450 2451 635 2519 certificari
651 2450 868 2534 desiderans,
878 2450 1034 2540 optinuit
1048 2450 1271 2541 peticionem,

69 2567 268 2659 ductusque
282 2571 370 2635 esta
389 2564 542 2659 quodem
558 2589 595 2634 se
611 2565 805 2635 deducente
821 2567 859 2634 in
878 2566 1070 2650 insemum,
1087 2572 1123 2635 et
1140 2565 1271 2637 ibidem

70 2689 207 2774 patrem
221 2688 257 2751 et
270 2683 413 2751 fratrem
429 2681 682 2750 innumerabili
697 2703 788 2772 pena
803 2682 980 2773 prospexit
998 2683 1158 2765 afflictos,
1176 2682 1272 2752 audi-

68 2800 193 2890 uitque
213 2804 347 2889 patrem
367 2798 441 2867 filio
460 2821 523 2866 suo
544 2797 719 2866 dicentem
737 2818 745 2867 ε
761 2796 981 2867 Maledicaris
996 2798 1269 2889 imperpetuum,

67 2916 238 3008 quoniam
253 2936 372 2983 amore
388 2915 453 2998 tui,
464 2920 503 2981 vt
517 2913 581 2982 tibi
598 2913 834 3004 prouiderem,
851 2914 936 2983 talia
950 2915 1080 3004 patior!
1097 2915 1161 2984 Cui
1177 2914 1272 2984 filius

66 3036 101 3100 et
126 3029 255 3099 heres:
281 3030 414 3098 Verum
440 3031 551 3099 eciam
580 3037 619 3098 tu
645 3028 866 3098 malediceris
894 3030 931 3097 in
961 3052 1081 3113 enum,
1102 3031 1271 3121 quoniam

66 3152 230 3238 pretextu
251 3152 311 3214 tue
331 3145 418 3214 false
437 3145 738 3214 accumulacionis
765 3143 828 3213 has
855 3167 964 3235 penas
988 3145 1272 3236 intol(l)erabiles

66 3264 239 3332 sustines!
256 3263 343 3330 Ecce
353 3261 457 3353 quale
466 3261 640 3329 solacium
650 3260 765 3329 afalsa
773 3260 1007 3329 cumilacione
1017 3261 1090 3351 (sic)
1101 3261 1268 3352 procedit.

64 3513 132 3569 XIX
158 3513 265 3585 (tul).
283 3543 320 3554 -
337 3513 387 3568 DE
414 3511 576 3577 Quouuu
601 3510 743 3566 ulttru
767 3511 1039 3568 INFIRMITATE
1066 3511 1270 3579 DETENTO,

431 3609 500 3674 0111
527 3609 635 3666 SUUM
661 3609 906 3666 subleuauit

268 3706 540 3764 EXECUTOREM
569 3706 676 3763 SUUM
702 3705 959 3773 CONSTiTUIT,
986 3705 1072 3761 ETC.

130 3885 233 3954 Miles
253 3891 327 3953 erat
344 3883 503 3975 quidam,
520 3884 595 3974 qui,
617 3905 699 3951 cum
719 3883 894 3974 armigero
915 3905 979 3950 suo
1003 3887 1038 3950 et
1059 3904 1124 3951 suo
1141 3887 1270 3974 nepote

63 4000 131 4070 sub
149 4022 232 4092 rege
251 4000 373 4069 Caroio
397 3998 663 4091 expedicionem
686 3999 879 4089 ingressus,
904 3997 1110 4065 infirmitate
1133 3996 1270 4066 detine-

65 4116 181 4200 batur,
207 4121 242 4184 et
255 4116 430 4207 armigero
450 4137 526 4196 suo,
551 4113 728 4183 executori
747 4135 811 4182 suo
831 4113 1033 4195 constituto,
1055 4112 1213 4181 iniunxit
1232 4119 1269 4180 vt

64 4233 227 4325 equ[u]m
250 4253 355 4299 suum
376 4229 581 4298 bellicosum
601 4230 778 4310 venderet,
796 4234 831 4296 et
851 4229 1008 4318 precium
1033 4229 1108 4297 eius
1128 4250 1190 4319 pro
1205 4250 1270 4297 sua

65 4348 185 4417 anima
204 4353 376 4438 erogaret.
393 4345 470 4427 Quo
492 4345 669 4428 defuncto,
686 4344 840 4433 armiger
854 4343 914 4412 ille
936 4345 1096 4435 equ[u]m
1111 4342 1179 4412 sibi
1200 4344 1268 4435 ipsi

66 4463 275 4545 reseruauit,
287 4460 422 4531 domini
437 4460 601 4529 mandato
616 4461 762 4529 omuino
779 4460 1014 4550 pretermisso.
1026 4460 1088 4530 Cui
1103 4458 1270 4528 dominus

65 4600 240 4671 apparens
254 4578 321 4646 soli
337 4578 478 4668 vaganti
498 4575 588 4645 dixit
604 4596 612 4645 ε
630 4576 718 4645 Ecce
737 4576 807 4643 iam
824 4576 1007 4666 septennio
1022 4598 1129 4668 penas
1144 4596 1268 4665 passus
