3270 5626
211 481 259 528 ruo
540 476 692 527 ODONIS
719 475 897 529 FABULIS
921 474 1088 534 auulra,

374 707 749 781 11(xxxvr1).-[uu
779 707 884 763 iuro
913 708 961 763 ar
989 707 1259 780 succurere]

394 892 464 964 Qut
485 904 555 951 non
577 891 786 963 proponunt
808 891 1001 949 abstinere
1023 903 1049 949 e
1068 892 1240 962 peecata.

280 1074 399 1165 Lupus
415 1075 513 1143 venit
532 1070 697 1141 semebad
712 1072 944 1162 penitentiam
957 1078 992 1140 et
1008 1094 1077 1140 uno
1092 1072 1197 1141 oculo
1210 1073 1401 1163 respiciebat

213 1189 435 1259 Sacerdotem
457 1197 491 1257 et
514 1211 595 1258 cum
619 1188 689 1256 alio
711 1211 793 1255 ores
816 1194 1099 1279 supermontem
1125 1188 1243 1256 illum.
1263 1189 1305 1257 Et
1331 1187 1403 1256 dixit

214 1304 390 1374 Sacerdoti
406 1327 413 1374 :
428 1307 512 1373 Date
527 1304 635 1372 michi
651 1305 721 1371 cito
732 1304 975 1394 penitentiam,
989 1304 1071 1394 quia
1084 1303 1198 1372 babeo
1211 1305 1400 1396 negocium

214 1421 314 1489 video
329 1421 424 1489 enim
440 1443 521 1489 ores
536 1426 813 1511 supermontem
829 1419 932 1488 illum
948 1425 982 1487 et
1001 1420 1072 1486 iam
1087 1419 1268 1511 incipiunt
1282 1418 1413 1488 descen·

215 1536 307 1604 dere.
339 1536 412 1604 Hoc
435 1536 503 1603 fuit
530 1557 612 1604 cum
640 1535 766 1604 ultima
794 1534 863 1618 die,
891 1534 1032 1627 quando
1056 1535 1172 1603 voluit
1195 1535 1357 1604 recedere
1372 1535 1404 1604 de

216 1658 307 1720 terra
327 1651 389 1718 illa
404 1651 447 1719 ad
462 1652 581 1720 aliam.

281 1767 337 1836 Sic
354 1768 513 1858 plerique
528 1769 679 1851 faciunt
692 1769 753 1858 qui
769 1768 896 1835 nolunt
905 1768 1028 1835 venire
1043 1766 1086 1835 ad
1102 1768 1336 1857 penitentiam
1352 1768 1404 1834 nisi

216 1906 327 1974 usque
347 1883 390 1951 ad
411 1883 577 1952 ultimum
596 1883 690 1952 diem
714 1883 994 1975 quadragesime.
1018 1883 1162 1951 Etcum
1187 1889 1285 1951 stant
1307 1904 1404 1951 coram

216 1998 405 2076 sacerdote,
433 1999 626 2090 respiciunt
648 2022 729 2068 eum
753 2021 826 2067 uno
857 1999 959 2067 oculo
985 2004 1020 2066 et
1042 1999 1153 2067 altero
1177 1999 1344 2067 mulieres
1363 1998 1405 2066 rel

218 2116 288 2183 alia
308 2114 606 2195 inconvenientia,
629 2122 663 2183 et
681 2115 809 2183 nolunt
824 2115 874 2206 (1)
901 2115 998 2183 exire
1021 2121 1151 2182 terram
1172 2114 1360 2204 penitentie
1380 2119 1406 2179 et

194 2233 349 2319 „intrare
369 2238 499 2299 terram
514 2232 646 2320 pcccati
666 2237 702 2299 et
721 2229 975 2320 inmun[ditie].

451 2491 496 2545 111
518 2489 717 2561 (xxxvul).
737 2520 773 2531 —
793 2490 856 2561 [DE
884 2488 1191 2559 SALAMANDRA.]

287 2667 526 2751 Salamandra,
544 2667 676 2735 animal
693 2689 922 2751 venenosum,
937 2689 1017 2735 cum
1038 2667 1148 2735 semel
1164 2672 1257 2734 esset
1277 2667 1314 2734 in
1329 2666 1406 2757 igne,
1428 2702 1432 2711 ·

220 2785 279 2853 ubi
299 2806 426 2852 aurum
442 2783 712 2874 excoquebatur,
727 2784 861 2852 scilicet
876 2782 998 2851 videns
1011 2782 1179 2863 Muscam,
1202 2781 1292 2849 dixit
1308 2803 1316 2848 :
1338 2781 1409 2850 Cum

220 2923 348 2991 magna
370 2901 530 2990 augustia
549 2906 584 2967 et
603 2900 759 2989 periculo
781 2898 912 2967 victum
934 2906 1035 2967 tuum
1058 2899 1177 2990 queris
1199 2905 1233 2966 et
1255 2897 1408 2990 exquiris,

221 3017 309 3083 Veni
325 3016 367 3084 ad
383 3039 438 3082 me
454 3022 487 3083 et
503 3015 591 3082 dabo
606 3015 668 3082 tibi
686 3038 811 3083 aurum
825 3014 861 3082 in
875 3017 985 3105 copia,
1004 3021 1041 3082 ut
1056 3015 1191 3081 victum
1208 3013 1337 3082 habeas
1350 3013 1411 3080 sine

223 3131 351 3198 taabore.
369 3133 488 3199 Musca
504 3132 728 3222 acquiescens
752 3154 857 3219 super
872 3154 996 3198 aurum
1013 3137 1047 3197 ct
1062 3129 1196 3197 medias
1212 3131 1370 3197 flammas
1383 3151 1410 3192 se

223 3248 365 3335 proiecit
387 3253 421 3313 et
440 3247 610 3314 conbusta
630 3256 693 3314 est.

289 3363 516 3430 Salamaudra
541 3363 661 3430 vivens
682 3364 719 3429 in
741 3364 820 3452 igne
845 3370 897 3429 cst
923 3363 1098 3451 malignus
1123 3363 1285 3451 spiritus,
1307 3360 1410 3452 quiin

222 3479 377 3568 maligno
398 3479 477 3568 igne
502 3479 636 3568 positus
662 3484 724 3545 est.
753 3478 819 3558 Qui
846 3477 932 3545 dicit
958 3480 1128 3568 peccatori
1154 3500 1161 3546 :
1186 3480 1276 3547 Cum
1301 3495 1412 3565 magno

223 3593 340 3662 labore
365 3595 517 3683 acquiris
545 3594 727 3672 victualia;
756 3595 836 3660 veni
859 3593 989 3674 adme,
1015 3596 1165 3683 proicias
1190 3601 1225 3662 te
1251 3595 1411 3684 inignem

223 3710 434 3800 cupiditatis,
460 3711 620 3798 rapinam
647 3716 681 3775 ot
707 3732 849 3777 usuram
876 3732 1012 3780 exerce:
1036 3709 1124 3777 dabo
1150 3708 1216 3776 tibi
1240 3731 1366 3776 aurum
1389 3709 1415 3770 et

222 3834 419 3915 argentum,
435 3833 473 3894 ut
489 3827 564 3892 sine
581 3825 699 3892 laboro
714 3825 831 3892 rivere
848 3825 976 3892 valeas.

456 4076 494 4128 lv
522 4074 674 4147 (XXXIX)
706 4106 740 4113 -
761 4075 823 4145 [DE
850 4075 960 4130 ML'RE
987 4075 1035 4129 ET
1061 4074 1192 4142 uasa.ss

679 4119 684 4129 ι

666 4132 671 4144 Ι

291 4253 443 4321 blundus
464 4254 591 4319 similis
609 4261 658 4320 est
679 4254 783 4336 Itane,
806 4277 874 4343 que
900 4251 1111 4320 blandiendo
1135 4251 1229 4319 Muri
1253 4250 1410 4342 promisit,

224 4369 316 4457 (prod
340 4393 417 4436 eum
438 4370 529 4436 ultra
552 4370 706 4458 [flumen]
725 4369 877 4450 duceret,
900 4370 929 4434 si
950 4368 991 4436 ad
1013 4368 1135 4458 pedem
1156 4391 1262 4435 suum
1284 4392 1319 4435 se
1341 4367 1413 4454 liga·

278 4557 315 4626 p)
339 4557 418 4609 triaez
436 4573 442 4610 :
459 4559 562 4612 obturat.
