3352 5624
520 497 751 550 cotoneum
776 499 942 552 TERTIA.
1288 503 1331 550 ur

131 664 213 709 cum
241 641 303 709 ilio
333 664 395 732 pro
425 648 519 710 certa
543 643 707 731 pecunia;
730 642 907 734 predictus
933 643 1106 711 Mercator
1127 642 1333 735 apothecam

132 759 279 838 intrans,
303 758 403 848 signa
423 764 457 824 et
472 757 594 825 modos
614 757 770 827 divorsos
790 781 908 826 coram
927 758 1053 850 Symea
1067 759 1213 842 faciens,
1230 758 1334 826 modo

131 897 169 939 os
195 872 397 962 aperiendo,
426 872 530 941 modo
561 896 687 941 nasum
715 873 944 958 recurvand0‚
975 871 1078 942 modo
1107 874 1227 942 oculos
1253 896 1334 942 cum

130 988 266 1057 duobus
286 987 406 1080 digitis
434 988 641 1057 claudendo.
674 988 834 1058 Prodicta
852 996 973 1058 autem
998 989 1137 1080 Symca,
1155 991 1205 1058 sic
1227 991 1334 1057 etiam

132 1106 197 1194 (sic
215 1106 336 1195 etiam)
360 1104 482 1172 votens
502 1104 628 1188 facore,
650 1106 772 1174 oculos
794 1127 875 1174 cum
899 1104 1037 1173 duobus
1058 1105 1177 1197 digitis
1197 1104 1336 1174 claude-

133 1219 203 1302 bat,
217 1227 252 1288 ct
266 1219 381 1289 medio
396 1226 553 1310 tempore
563 1219 677 1288 dictus
692 1221 863 1289 Mercator
874 1223 933 1311 (et)
945 1222 1131 1310 pecuniam
1142 1221 1332 1289 auferebat,

135 1337 305 1405 Dominus
320 1359 404 1404 vero
424 1335 604 1425 apotheca,
620 1336 744 1405 videus
760 1337 853 1427 quod
873 1337 1001 1428 Symea
1022 1338 1072 1405 sic
1091 1335 1233 1427 decepta
1247 1343 1334 1418 erat,

135 1475 216 1519 eum
236 1451 313 1541 (sic)
328 1453 540 1541 percutiens
562 1452 751 1521 ostendens
773 1450 866 1543 quod
886 1475 948 1543 per
970 1453 1199 1521 Mercatorem
1223 1452 1336 1520 fuerat

135 1569 184 1636 sic
213 1567 367 1658 decepta.
399 1568 520 1635 Altera
544 1591 628 1635 vero
657 1568 713 1637 die
735 1569 865 1636 iterum
891 1569 928 1635 in
957 1569 1162 1659 apothecam
1187 1569 1335 1647 intrans,

139 1684 260 1752 volcns
280 1706 357 1751 eam
380 1683 502 1753 codem
521 1682 625 1753 modo
645 1684 805 1776 decipere
825 1684 944 1753 oculos
964 1706 1045 1752 cum
1066 1683 1204 1752 duobus
1219 1682 1338 1775 digitis

137 1798 347 1880 claudeud03
363 1799 427 1867 hoc
437 1798 561 1867 ridens
576 1799 703 1891 Symca
718 1802 806 1890 ipsa,
819 1806 961 1868 econtra
975 1800 1095 1868 oculos
1111 1822 1192 1868 cum
1202 1798 1338 1868 duobus

135 1915 254 2005 digitis
272 1916 463 1983 fortissime
479 1917 641 2004 apariens
656 1916 742 2006 (cic),
758 1915 819 2006 (et)
841 1914 934 2007 quod
950 1914 1158 1984 secundario
1173 1937 1244 1983 non
1259 1937 1339 2004 pos-

135 2036 186 2098 set
200 2028 316 2120 dccipi
331 2030 514 2098 Mercatori
535 2029 724 2099 indicabat.

201 2145 377 2226 Moraliza,
400 2147 570 2214 sicutvis.

272 2376 338 2431 xm·
367 2377 506 2448 (xiix).
525 2408 563 2416 -
581 2376 677 2431 rrsu
706 2376 756 2430 ns
781 2375 917 2430 suum
946 2375 1006 2445 [ur
1031 2374 1200 2445 ruuursp.

205 2546 290 2612 item
312 2545 354 2613 dc
377 2545 503 2637 Symea
532 2544 672 2636 legitur,
700 2544 806 2636 quod,
831 2542 971 2636 quando
998 2544 1193 2633 procreavit
1222 2542 1338 2632 pullos

138 2685 230 2744 suos,
250 2663 342 2730 iuter
356 2685 444 2753 quos
460 2684 599 2751 semper
612 2683 725 2730 unum
741 2661 821 2751 plus
836 2659 952 2751 diligit
966 2659 1048 2742 alio,
1060 2665 1206 2727 venator
1220 2664 1338 2727 autem

140 2778 300 2861 veniens,
329 2778 450 2846 volens
479 2800 619 2868 carpere
650 2776 815 2868 Symeam
846 2798 926 2844 cum
958 2774 1082 2865 pullis,
1114 2782 1242 2857 mater,
1274 2773 1340 2842 hoc

138 2892 269 2972 ridens,
295 2894 419 2983 recipit
441 2894 569 2984 pullos
587 2899 621 2960 et
641 2892 757 2975 illum,
779 2914 885 2982 quem
903 2891 982 2980 plus
1001 2889 1135 2981 diligit,
1159 2891 1197 2956 in
1218 2889 1339 2957 dextro

140 3008 280 3077 brachio
300 3015 455 3099 portans,
477 3031 582 3099 quem
603 3031 687 3076 vero
709 3009 841 3090 minus,
865 3008 902 3074 in
922 3005 1068 3075 dorsum
1088 3002 1241 3095 poneus‚'
1258 3027 1340 3072 cur-

140 3148 219 3192 rens
241 3125 285 3192 ad
309 3123 487 3208 arborem,
513 3125 635 3193 uolens
657 3124 835 3192 venatoris
864 3123 1062 3213 periculum
1082 3123 1227 3190 evitarc.
1252 3120 1340 3189 Cum

138 3248 256 3309 autern
281 3239 443 3309 arborem
469 3241 585 3330 querit
615 3239 821 3320 ascendere,
847 3238 987 3329 pullum
1014 3239 1203 3320 cariorem,
1234 3259 1340 3328 quem

140 3356 282 3425 brachio
301 3356 423 3425 dextro
440 3357 566 3436 tenuit,
587 3354 764 3423 dimittere
779 3356 928 3444 cogitur,
946 3355 1030 3444 quia
1048 3359 1133 3422 tunc
1152 3352 1340 3422 ascendere

140 3474 277 3562 poterit,
297 3478 336 3540 ut
355 3495 392 3540 se
411 3473 524 3562 ipsam
540 3472 672 3561 eripere
688 3472 809 3561 possit.
827 3469 939 3550 Quem
958 3492 1041 3537 vero
1057 3470 1094 3536 in
1110 3467 1212 3537 dorso
1228 3468 1341 3537 tenuit

140 3596 172 3656 ct
189 3590 307 3656 minus
322 3586 504 3669 dilexerat,
521 3610 541 3655 a
556 3586 713 3677 periculo
729 3584 859 3653 liberat
873 3591 905 3653 et
925 3583 1091 3654 defendit.

205 3703 379 3787 Moraliza‚
397 3705 487 3770 sicut
503 3704 627 3793 piacet.

402 3929 453 3982 xr
478 3927 538 3999 (u).
562 3958 597 3967 -
625 3928 675 3981 uu
705 3925 837 3981 uuouu
868 3925 919 3980 ur
947 3923 1081 3980 asmo.

208 4107 276 4175 Lco
294 4109 502 4197 intempesta
517 4111 617 4173 nocte
633 4105 731 4172 venit
745 4102 788 4170 ad
803 4100 961 4183 domum,
974 4101 1093 4189 inqua
1108 4105 1182 4167 erat
1197 4098 1339 4166 Asinus

145 4222 187 4289 Ut
203 4229 319 4291 autem
336 4223 481 4292 intravit
494 4223 576 4303 Leo,
589 4220 709 4289 Gallus
725 4218 882 4287 excussis
893 4217 960 4284 alis
976 4237 1073 4283 more
1084 4215 1187 4283 solito
1203 4214 1329 4282 cecinit

144 4339 210 4407 Leo
232 4339 391 4406 ncsciens
410 4338 490 4429 quis
509 4342 601 4405 esset
620 4336 740 4404 timuit
759 4340 794 4401 et
814 4332 970 4401 recessit.
992 4331 1123 4399 Asinus
1142 4352 1237 4412 vero,
1258 4351 1344 4397 con-

145 4457 227 4525 tisus
243 4476 305 4522 sua
317 4452 534 4535 fortitudine,
545 4473 626 4520 cum
642 4451 762 4541 rugitu
778 4469 906 4538 magno
922 4447 1103 4514 insecutus
1117 4451 1170 4514 est
1181 4445 1344 4514 leonem.

142 4573 188 4639 dt
201 4569 262 4639 ubi
277 4568 365 4636 vidit
385 4591 466 4637 eum
488 4568 567 4649 Leo,
586 4567 661 4635 sine
681 4587 779 4633 mora
798 4562 936 4632 occidit.
