3270 5626
366 509 413 560 ³2⁰
602 506 753 557 ODONIS
779 507 831 558 DE
858 509 1067 561 cnalrona
1092 507 1341 560 PARABOLAE.

370 653 569 742 relinquam
590 650 842 742 pinguedinem
863 674 979 720 meam
1002 676 1073 743 qua
1096 653 1146 721 dii
1169 657 1320 721 utuntur
1340 659 1377 721 et
1396 652 1567 720 homines.

373 768 519 837 luerunt
539 767 582 835 ad
600 767 705 835 ficum
724 790 793 857 que
814 767 931 835 noluit
950 769 1151 860 relinquere
1173 767 1295 837 dulces
1318 770 1459 835 fructus
1481 791 1568 836 suos.

371 885 518 953 luerunt
535 881 578 951 ad
597 883 709 950 uitem
728 906 797 974 que
817 884 933 952 noluit
952 885 1153 975 relinquere
1173 885 1301 953 uinum
1320 882 1417 974 quod
1435 883 1572 952 letilieat

369 1001 480 1068 Deum
500 1004 534 1067 et
553 997 728 1066 homines.
745 998 803 1067 Sic
822 999 926 1067 multi
945 999 1075 1069 nolunt
1097 1000 1299 1091 relinquere
1318 999 1571 1090 pinguedinem

301 1121 302 1124 ’
368 1116 496 1206 gracie,
514 1137 579 1182 nec
593 1113 713 1183 dulces
728 1114 864 1182 fructus
878 1113 1053 1183 bonorum
1068 1137 1229 1205 operum,
1246 1137 1311 1184 nec
1327 1115 1458 1183 uinum
1474 1117 1572 1208 spiri-

369 1232 475 1301 tualis
494 1231 622 1314 leticie,
644 1253 714 1323 quo
734 1230 959 1300 inebriantur
980 1232 1261 1322 contemplatiui,
1284 1236 1323 1299 ut
1347 1232 1572 1321 preficiantur

368 1348 476 1439 lignis
498 1348 682 1430 siluarum,
709 1346 746 1414 id
765 1353 817 1415 est
836 1347 1042 1417 hominibus
1061 1347 1221 1416 incultis.
1247 1347 1374 1416 Postea
1394 1354 1568 1417 uenerunt

368 1463 413 1532 ad
438 1485 638 1552 rampnum,
667 1468 701 1530 et
725 1485 807 1531 eum
834 1463 901 1532 sibi
935 1486 1052 1555 regern
1079 1464 1354 1532 constituerunt.
1386 1461 1464 1544 Quo
1493 1465 1568 1531 ait:

367 1579 505 1662 Venite,
527 1578 735 1670 requiescite
755 1577 820 1646 suh
836 1578 963 1648 umbra
976 1602 1066 1648 mea.
1084 1580 1216 1648 'lamen
1230 1584 1326 1647 caret
1340 1578 1482 1647 umbra.

433 1694 490 1762 Sic
514 1694 617 1762 multi
638 1693 821 1763 ambiciosi
844 1697 1054 1785 promittunt
1074 1718 1111 1764 se
1135 1695 1246 1764 bonos
1269 1700 1304 1762 et
1329 1694 1422 1763 alios
1449 1694 1568 1763 obum-

369 1810 483 1892 brare,
504 1832 586 1877 cum
607 1811 705 1878 omni
723 1817 867 1878 careant
884 1811 1135 1879 consolatione.
1160 1810 1261 1879 Vnde
1284 1811 1378 1901 ignis
1399 1811 1513 1878 exiuit
1529 1809 1567 1878 de

369 1946 529 2015 rampno‚
555 1931 591 1992 et
614 1926 711 2017 ligna
735 1926 939 1995 combussit.
963 1927 1097 1996 Dicitur
1117 1927 1213 1996 enim
1233 1925 1276 1995 ad
1302 1925 1460 1994 litteram
1479 1925 1566 2017 quod

369 2040 411 2110 de
427 2063 574 2132 rampno
593 2042 736 2111 flamma
755 2041 933 2133 procedit(
960 2042 984 2130 ).

563 2265 666 2321 cum.
686 2295 722 2305 -
749 2265 799 2319 na
823 2265 1032 2321 nonacris
1060 2265 1249 2323 vrsrouas
1274 2267 1376 2323 suas

784 2361 1077 2419 nuananrmus
1108 2363 1158 2436 (a).

434 2511 535 2580 Vnde
549 2512 694 2603 quidam
711 2511 874 2581 monachi
890 2535 971 2580 cum
987 2514 1144 2582 uisiones
1159 2537 1241 2582 suas
1255 2513 1298 2583 ad
1316 2516 1474 2584 inuicem
1495 2538 1566 2583 nar·

371 2634 501 2711 rarent,
518 2629 662 2719 quidam
678 2627 858 2719 respondit
877 2651 913 2697 se
933 2629 1058 2705 nichil,
1079 2631 1146 2697 nisi
1163 2636 1304 2720 peccata
1319 2654 1396 2713 sua,
1414 2634 1563 2699 nouisse.

433 2743 634 2812 Notandum
654 2743 747 2835 quod
767 2766 829 2834 per
847 2744 1049 2834 superbiam
1069 2746 1149 2835 quis
1159 2745 1233 2835 (cic)
1252 2754 1374 2836 peccat
1386 2747 1424 2814 in
1446 2747 1563 2824 Deum,

369 2882 429 2949 per
448 2860 640 2928 auariciam
656 2861 692 2927 in
708 2861 920 2950 proximum,
937 2883 999 2949 per
1019 2861 1196 2930 luxuriam
1212 2863 1249 2929 iu
1265 2863 1435 2951 seipsum.

404 3094 523 3148 extu,
544 3094 647 3148 -DE
677 3094 807 3148 BEATO
836 3094 1017 3149 ANTONIO
1047 3095 1095 3148 ΕΤ
1125 3094 1300 3159 lectuls
1331 3095 1464 3150 lloxol
1487 3096 1533 3164 {dfe

434 3235 546 3318 Vnde,
562 3258 643 3301 cum
660 3235 780 3302 beatus
793 3236 966 3302 Antonius
981 3235 1155 3304 mundum
1171 3238 1314 3325 plenum
1328 3238 1566 3326 laqueisuide·

369 3355 433 3432 ret,
451 3350 607 3440 quesiuit
622 3351 701 3440 quis
716 3357 833 3439 posset
849 3350 911 3417 hos
923 3351 1065 3440 laqueos
1080 3353 1212 3442 lugere.
1232 3353 1451 3442 Responsum
1469 3355 1563 3441 [estfz

370 3465 451 3532 Sola
465 3465 661 3532 humilitas.

435 3581 504 3648 llec
524 3581 687 3669 spiritum
708 3581 849 3648 Domini
864 3582 946 3649 lacit
961 3605 1066 3671 super
1082 3583 1219 3650 fidelem
1235 3584 1429 3673 quiescere.

489 3813 627 3869 cxmu.
656 3843 691 3854 -
720 3814 770 3866 na
799 3814 1056 3868 conamurio
1087 3816 1133 3869 ar
1161 3816 1329 3880 ooonnu
1363 3819 1443 3873 auu

790 3912 1064 3967 naspicmnrn
1095 3913 1142 3984 (a).

436 4053 474 4120 ln
486 4054 642 4143 Dialogo
656 4053 742 4121 Cum
758 4054 876 4142 opinio
893 4052 934 4119 de
951 4054 1134 4121 sanctitate
1150 4054 1331 4122 cuiusdam
1349 4059 1418 4124 uiri
1435 4082 1564 4128 excres-

369 4174 474 4250 ceret,
497 4168 640 4259 quidam
661 4170 821 4236 uisitauit
845 4192 938 4247 eum,
962 4176 1000 4236 ut
1024 4170 1066 4236 de
1087 4176 1178 4237 statu
1200 4170 1298 4238 illius
1319 4172 1563 4243 admiraretur.

424 4328 460 4399 (t)
474 4329 567 4400 Voyez
583 4329 647 4401 plus
662 4329 768 4399 loin,p.
782 4333 843 4394 335,
857 4346 914 4385 une
928 4335 1012 4384 autre
1024 4330 1175 4385 redaction
1188 4330 1223 4385 de
1236 4330 1263 4386 la
1279 4337 1378 4388 meme
1390 4336 1537 4406 parabole.

422 4418 459 4488 (2)
476 4419 568 4473 the
584 4435 714 4474 sermon.

422 4506 459 4577 (3)
475 4507 567 4562 lleme
580 4523 710 4563 sermon.

424 4595 460 4665 (4)
476 4594 569 4651 Menae
581 4612 714 4652 sermon.
