3270 5626
611 495 843 548 COLLECTIO
866 494 1030 547 TERTIA.
1378 499 1423 548 roa

218 644 293 711 avis
314 641 512 710 advolavit?
527 641 570 708 Et
588 641 639 708 sic
658 640 853 730 inpositum
872 645 925 707 est
944 639 976 706 oi
995 638 1193 722 silencium,
1215 639 1308 730 quod
1329 662 1423 708 nun-

219 781 325 850 quam
346 763 424 847 post
438 779 480 825 ea
492 755 605 825 Adam
619 756 845 845 vituperavit,
867 755 1036 845 quoniam
1051 756 1201 824 nitimur
1216 757 1252 823 in
1268 757 1420 824 letitum.

443 999 480 1052 rx
501 997 639 1069 (xxiv).
666 1028 702 1038 -
727 997 776 1053 aa
804 998 1019 1054 nannum
1045 996 1197 1053 invexi.

285 1167 436 1250 Quidam
458 1167 598 1234 iuvenis
618 1166 797 1234 Heremita
816 1188 897 1234 cum
921 1164 1054 1234 Abbate
1075 1189 1137 1235 suo
1153 1165 1196 1235 ad
1211 1189 1320 1235 unam
1335 1168 1422 1236 civi-

217 1291 327 1352 tatem
347 1283 422 1364 ivit,
440 1281 502 1351 uhi
519 1281 689 1350 mulieres
704 1283 741 1348 in
757 1305 858 1350 corea
873 1282 1067 1371 conspexit.
1085 1282 1127 1350 Et
1154 1282 1351 1350 cuiusmodi
1366 1306 1422 1351 res

217 1405 311 1467 esset
329 1397 373 1466 ab
396 1397 530 1466 Abbate
559 1396 709 1465 sollicite
730 1397 893 1487 quesivit.
918 1397 980 1465 Cui
1007 1396 1136 1480 Abbas,
1163 1419 1322 1467 asserens
1346 1421 1421 1467 esse

217 1537 374 1598 anseres,
405 1513 599 1604 respondit.
623 1514 796 1583 Reversus
822 1536 910 1605 puer
932 1513 970 1581 in
996 1514 1189 1582 claustrum
1211 1515 1294 1582 llere
1315 1515 1419 1605 cepit.

215 1630 280 1699 Cui
294 1629 412 1698 Ahhas
430 1650 437 1698 :
456 1624 548 1710 Quid
569 1630 635 1713 via,
657 1628 707 1697 lili
727 1629 800 1696 mi‘t
815 1629 857 1696 Et
871 1629 931 1697 ille
949 1650 957 1696 :
974 1628 1062 1697 Volo
1077 1628 1120 1697 de
1135 1629 1208 1697 illis
1222 1629 1419 1713 anseribuS,

216 1769 304 1836 quos
320 1744 393 1815 vidi
408 1745 445 1813 in
466 1746 621 1813 civitate.
637 1745 735 1813 Tunc
749 1743 878 1828 Abbas,
896 1745 1095 1813 convocatis
1111 1744 1290 1829 iratribuS,
1305 1744 1394 1814 dixit
1410 1767 1418 1815 ε

217 1862 370 1944 Fratres,
389 1860 609 1930 considerate
632 1867 789 1929 montem
807 1860 854 1951 (l)
876 1861 1038 1945 sollicite,
1066 1884 1173 1951 quam
1195 1862 1421 1953 periculios]a

217 1984 303 2045 sunt
317 1975 508 2047 mulierum
524 1977 735 2069 spectacula.
756 1976 845 2044 Nam
864 1976 921 2044 hic
941 1999 1029 2066 puer
1042 1978 1225 2060 innocens,
1242 1977 1303 2067 qui
1323 1979 1421 2067 prius

216 2093 405 2162 mulierem
423 2116 496 2162 non
517 2092 665 2170 viderat,
687 2093 724 2160 in
745 2092 918 2182 her[o]mo
935 2094 1102 2177 nutritus,
1121 2094 1196 2162 solo
1212 2094 1291 2163 visu
1306 2094 1356 2160 sic
1368 2100 1419 2160 cst

216 2215 422 2301 temptatus,
445 2210 495 2277 sic
515 2216 569 2276 est
592 2210 672 2299 igne
687 2208 970 2298 concupiscentie
986 2231 1187 2276 succensus.

424 2432 448 2485 x
475 2431 591 2503 (xiv).
611 2461 648 2472 -
667 2432 730 2501 [ΒΕ
755 2430 910 2486 oourxo
937 2431 984 2485 ar
1012 2430 1213 2501 exuuiis}

619 2607 673 2663 ne
694 2603 756 2663 ira
776 2604 839 2664 vel
859 2602 1007 2664 iudicio.

281 2777 432 2860 Quidam
461 2778 589 2868 nobilis
613 2778 811 2847 absentavit
840 2802 877 2846 se
908 2803 950 2847 ex
978 2802 1085 2848 causa
1105 2802 1126 2847 a
1149 2779 1252 2849 bonis
1287 2782 1421 2850 suiset

213 2917 376 2963 reversus
395 2894 530 2964 invenit
553 2917 656 2987 agros
682 2896 835 2964 incultos
864 2901 899 2963 et
922 2896 1056 2979 vineas,
1078 2897 1163 2986 quia
1190 2897 1281 2965 servi
1307 2896 1416 2965 nichil

213 3010 472 3078 laboraverant.
491 3011 541 3078 Ex
564 3034 633 3101 quo
651 3009 752 3079 valde
767 3017 987 3101 provocatus
1009 3010 1099 3080 dixit
1121 3012 1184 3080 uni
1204 3013 1419 3082 familiarum

215 3126 290 3216 (sic)
310 3147 317 3192 :
340 3126 375 3193 Si
400 3149 472 3195 non
493 3148 607 3195 essem
626 3126 750 3208 iratus,
775 3149 839 3218 ego
859 3125 1081 3195 ostenderem
1099 3126 1165 3196 tibi
1185 3135 1357 3218 quantum
1381 3130 1418 3197 in

212 3241 279 3310 ista
298 3241 514 3333 negligentia
528 3265 583 3310 me
599 3241 803 3310 offendistis.

280 3357 320 3424 ln
340 3379 409 3447 quo
429 3358 598 3427 docentur
613 3357 747 3426 iudices
767 3364 800 3425 ot
820 3358 957 3448 prelati,
979 3359 1073 3449 quod
1092 3382 1163 3428 non
1183 3358 1312 3429 debent
1325 3361 1417 3429 iudi·

214 3495 294 3541 care
314 3496 377 3541 nec
398 3474 585 3566 corrigere,
603 3473 770 3564 quamdiu
792 3480 874 3541 sunt
896 3476 1085 3564 provocati.
1109 3476 1210 3544 Ratio
1229 3483 1293 3558 ost,
1317 3477 1414 3566 quia,

214 3590 306 3658 sicut
319 3611 411 3680 aqua
425 3589 568 3659 turbida
584 3599 619 3660 et
633 3596 728 3657 mota
740 3589 893 3658 ostendit
908 3590 1035 3659 faciem
1052 3591 1269 3682 inspicientis
1287 3598 1418 3660 tortuo-

214 3728 302 3787 sam,
320 3705 488 3775 sichomo
503 3713 621 3775 motus
636 3713 672 3774 et
685 3707 795 3774 iratus
813 3704 918 3774 habet
935 3706 1061 3775 faciem
1081 3715 1117 3775 et
1131 3709 1303 3775 rationem
1318 3707 1418 3777 deor·

218 3821 376 3890 dinatum
394 3829 441 3904 et,
461 3845 525 3915 per
548 3844 776 3913 consequens,
801 3822 973 3890 iudicium
989 3824 1147 3891 rationis.

331 4045 370 4099 xl
397 4045 535 4117 (XLVI).
560 4075 595 4087 -
615 4046 666 4101 DE
693 4046 801 4101 Vnda
828 4045 997 4114 Gtouln,
1025 4044 1296 4101 nuuouxxrlx

663 4145 710 4199 ET
740 4143 963 4199 SUPERBIA.

277 4293 488 4384 Arrogantia
504 4293 607 4363 hahet
622 4302 693 4362 tres
703 4293 845 4386 gradus.
859 4295 1018 4362 Primum
1031 4294 1104 4386 (sic)
1118 4293 1277 4384 estquod
1291 4294 1416 4362 volunt

212 4409 323 4479 videri
340 4409 524 4501 essequod
539 4433 610 4478 non
626 4417 722 4493 sunt,
735 4409 790 4479 vel
802 4410 912 4480 videri
930 4409 1058 4478 habere
1074 4408 1167 4501 quod
1182 4432 1254 4479 non
1271 4408 1412 4478 habent.

264 4580 302 4652 (t)
322 4580 405 4636 Ainsi
420 4583 568 4653 peut-ene
582 4597 657 4653 pour
671 4587 770 4637 rnerrtc.
