3352 5624
233 486 280 535 sta
569 484 778 539 Jonauuls
801 485 855 537 DE
879 484 1101 538 scaurum

234 628 388 696 multum
399 627 530 709 esurio,
543 625 587 695 da
596 627 688 696 mihi
702 651 814 697 vnum
828 626 872 698 de
882 629 1046 720 porcellis
1056 631 1130 700 tuis
1141 631 1195 701 ed
1207 638 1466 727 gentaculum.

235 743 299 812 Cui
315 743 382 812 Sus
399 764 407 813 :
424 743 561 820 Amice,
582 742 737 813 concedo
755 743 850 834 quod
868 745 974 836 petis;
991 745 1145 817 sednon
1162 755 1227 818 est
1240 749 1374 823 adhuc
1386 760 1469 825 tem·

235 882 301 951 pus
319 857 458 927 edendi.
481 857 668 927 Audistine
688 858 793 928 hodie
808 861 976 929 missam?
989 861 1053 931 Cui
1073 862 1136 931 ille
1156 884 1167 933 ε
1186 864 1293 936 Non.
1315 869 1364 937 Et
1376 870 1465 941 Sus:

233 976 386 1044 Consule
400 974 496 1066 quod
514 976 633 1044 facias.
652 975 822 1045 Prouecte
835 975 931 1045 enim
946 978 1048 1045 etatis
1066 1000 1106 1047 es
1124 986 1165 1049 et
1187 980 1313 1053 debes
1334 985 1467 1080 aliquid

234 1089 358 1161 audire
378 1090 420 1161 de
440 1092 524 1175 Deo,
541 1091 749 1183 priusquam
768 1091 944 1161 comedas.
965 1091 1105 1162 Vocabo
1123 1097 1239 1167 enim
1259 1102 1468 1175 sacerdotes

235 1214 270 1276 et
288 1207 447 1291 clericos,
469 1212 504 1275 et
526 1205 648 1276 audies
675 1207 845 1290 officium,
872 1213 908 1276 et
930 1208 1073 1277 interim
1100 1212 1310 1302 parabitur
1347 1228 1468 1311 genia·

227 1323 356 1392 culum
370 1329 484 1391 tuum.
495 1322 538 1390 Et
551 1321 688 1413 Lupus:
701 1322 843 1391 Annuo.
860 1322 928 1392 Sus
942 1323 1062 1415 igitur,
1075 1325 1305 1417 ingrediens
1320 1334 1465 1419 siluam,

235 1440 368 1529 incepit
377 1438 529 1507 clamare
540 1460 638 1507 more
649 1460 725 1522 suo,
736 1445 771 1507 et
785 1438 905 1507 statim
915 1447 1090 1509 venerunt
1104 1463 1245 1513 omnes
1255 1450 1364 1539 apri,
1374 1474 1464 1535 sues,

234 1555 386 1647 perciet
410 1553 555 1643 porcelli
579 1550 623 1621 ad
644 1554 835 1621 clamorem
857 1554 947 1633 eius,
967 1555 1028 1645 qui
1053 1556 1212 1628 fuerunt
1232 1562 1277 1631 in
1300 1564 1416 1645 silua,
1434 1574 1466 1637 et

234 1669 459 1738 inuenientes
482 1668 632 1758 Lupum,
654 1670 728 1737 suis
747 1668 925 1738 morsibus
944 1670 1143 1751 miserrime
1160 1673 1465 1767 dilaniauorunt,

235 1788 283 1855 ita
306 1783 412 1876 quod,
433 1783 494 1853 vix
511 1784 616 1852 viuus
640 1783 807 1867 euadens,
825 1784 912 1853 dixit
934 1806 942 1854 ε
962 1786 1039 1854 Non
1058 1787 1128 1855 fuit
1151 1787 1229 1861 hec
1249 1796 1389 1877 missa,
1409 1800 1465 1869 sed

235 1901 390 1969 miseria.
411 1897 588 1968 Maledicti
613 1899 685 1967 sint
708 1921 832 1968 omnes
856 1906 891 1968 et
913 1901 1031 1970 clerici
1054 1907 1088 1970 et
1112 1907 1342 1981 sacerdotes
1365 1915 1465 1985 istius

233 2016 540 2109 congregacionis!

300 2133 384 2201 inde
399 2129 558 2222 estquod
573 2130 702 2199 dicitur
717 2130 966 2215 Ecclesiastic,
983 2155 1029 2200 xu
1044 2134 1092 2224 (i)
1111 2155 1119 2202 τ
1136 2134 1225 2205 Non
1242 2143 1383 2213 credas
1399 2146 1462 2215 ini·

225 2251 325 2318 mico
351 2253 411 2316 tuo
437 2248 474 2314 in
501 2253 673 2315 eternum.
696 2245 739 2313 Et
762 2246 1081 2339 Joannes,1v(2):
1107 2249 1239 2322 Nolite
1263 2261 1378 2329 omni
1398 2261 1462 2354 spi·

233 2364 316 2433 ritui
336 2362 493 2445 credcrc;
510 2361 571 2430 sed
590 2360 733 2452 probate
748 2362 905 2452 spiritus,
923 2368 988 2432 etc.

543 2583 632 2640 LXX.
661 2613 698 2625 -
723 2584 866 2656 [LUPUS
891 2586 940 2640 ΕΤ
967 2586 1116 2655 LEPUS.]

657 2749 710 2806 ne
731 2747 825 2819 mea
844 2748 1005 2820 peccati.

298 2918 428 3005 Lupus,
446 2914 595 2981 obuians
611 2934 681 2979 vna
696 2912 753 2979 dic
769 2912 905 3000 Lepori,
923 2914 983 3004 (et)
1001 2913 1089 2982 dixit
1103 2916 1136 2982 ci
1155 2938 1163 2984 :
1181 2918 1241 2988 Tu
1259 2946 1302 2991 es
1319 2930 1456 2999 animal

232 3032 359 3101 modici
373 3031 519 3111 valoris,
537 3052 573 3097 es
589 3027 753 3096 timidum
769 3033 805 3095 et
819 3027 1029 3098 malencoiia
1043 3032 1203 3120 plenum.
1221 3037 1292 3107 Cui
1315 3043 1454 3136 Lepus:

232 3150 274 3216 Et
292 3156 329 3216 tu
350 3170 387 3214 es
408 3145 540 3214 animal
562 3145 739 3236 gulosum,
758 3166 863 3234 rapax
888 3150 921 3213 et
940 3146 1176 3216 maliciosum.
1201 3152 1274 3222 Cui
1299 3158 1453 3252 Lupus:

230 3265 348 3347 Miser,
362 3262 512 3330 multum
529 3285 565 3329 os
586 3266 887 3351 presumptuosus,
905 3262 965 3352 qui
982 3262 1030 3330 sic
1046 3263 1170 3331 maiori
1187 3273 1227 3336 et
1244 3271 1406 3346 forciori
1423 3286 1453 3347 tc

231 3378 424 3448 maledicis.
442 3377 485 3445 Et
500 3376 611 3466 Lepus
627 3397 634 3444 :
652 3377 764 3458 Certe,
781 3383 1106 3469 quantumcumque
1119 3379 1235 3450 fueris
1253 3410 1317 3456 me
1338 3395 1454 3463 maior

230 3502 264 3563 et
277 3494 417 3576 forcior,
439 3491 550 3559 audeo
566 3497 681 3558 tecum
696 3496 840 3574 certare,
864 3496 896 3559 ot
911 3491 1058 3559 vadiabo
1074 3493 1165 3585 quod
1182 3497 1385 3575 vindicam
1406 3516 1449 3577 to.

231 3612 362 3699 Lupus,
380 3609 445 3676 hoc
465 3606 623 3687 audiens,
640 3605 844 3696 indignatus
864 3608 1044 3696 respondit
1061 3628 1068 3675 :
1087 3608 1158 3699 Ego
1178 3633 1327 3689 annuo.
1353 3625 1472 3691 Assi·'

231 3727 345 3817 gnatis
371 3725 479 3815 igitur
508 3721 562 3789 die
587 3727 622 3788 et
648 3722 722 3787 ioco
747 3722 963 3805 certaminis,
981 3725 1200 3793 conueniunt
1222 3742 1448 3824 pugnaturi,

231 3842 361 3931 Lupus,
376 3839 527 3907 stridens
542 3835 717 3918 dentibuS,
731 3835 843 3903 insilit
854 3835 890 3903 in
907 3837 1090 3927 Leporem;
1108 3839 1225 3929 Lepus
1242 3848 1336 3918 salit
1353 3855 1450 3923 ultra

230 3980 324 4040 cum,
342 3962 375 4024 ot
394 3976 543 4044 sempor,
566 3973 646 4020 cum
667 3950 783 4041 Lupus
803 3949 960 4019 crederet
978 3976 1059 4021 eum
1079 3976 1214 4043 capere,
1236 3959 1365 4053 Lepus
1382 3971 1449 4037 fuit

230 4072 273 4141 ad
292 4071 437 4140 caudam
454 4070 539 4159 Lupi
561 4067 650 4135 vela
671 4066 789 4141 latere,
807 4072 852 4144 et,
874 4089 955 4135 cum
969 4070 1018 4138 sic
1032 4068 1170 4138 diucius
1185 4073 1324 4148 fuisset
1341 4083 1449 4153 dimi-

230 4193 360 4270 catum,
384 4187 510 4276 Lopus,
539 4182 661 4251 volens
691 4181 828 4269 Lupum
858 4183 1011 4252 totaliter
1031 4187 1261 4274 confundere,
1286 4199 1447 4292 arripuit

232 4305 405 4373 directum
423 4322 566 4370 cursum
588 4321 648 4389 per
669 4297 828 4387 planum,
850 4303 884 4364 et
903 4298 1019 4389 Lupus
1039 4325 1119 4370 eum
1135 4304 1363 4399 insequitur,
1390 4316 1450 4387 do

283 4492 322 4562 (t)
342 4493 372 4546 C.
386 4507 434 4559 nn,
452 4507 476 4544 v.
496 4492 537 4545 10.

284 4581 321 4651 (2)
337 4580 460 4653 Epistola
471 4580 485 4633 1
496 4578 612 4633 loannis
627 4575 753 4647 apostoli,
770 4575 800 4632 C.
817 4591 854 4643 iv,
871 4592 897 4632 v.
913 4581 937 4633 t.
