3270 5626
449 498 599 551 obonls
623 499 673 550 DE
693 499 906 551 CERlTONA
930 497 1177 549 PARABOLAE.
1368 507 1411 553 341

284 645 356 712 Hoc
385 644 585 734 exemplum
610 643 705 710 ualet
729 650 849 711 contra
874 666 944 724 eos,
965 642 1039 732 qui,
1064 643 1155 710 sicut
1174 666 1278 713 canes
1299 668 1416 714 rouer-

216 767 329 828 tentes
344 758 387 826 ad
406 760 594 840 uomitum,
612 759 839 847 respicientes
860 764 951 827 retro
971 780 1051 826 cum
1072 781 1181 827 uxore
1197 760 1297 843 Loth,
1316 765 1415 851 peni-

216 882 290 944 tent
313 898 371 943 eos
389 873 576 943 Sodomam
601 876 765 958 exiuisso,
790 875 937 942 diuicias
961 880 995 941 et
1018 874 1140 942 mundi
1163 876 1308 966 gloriam
1334 878 1416 945 reli-

216 1013 348 1080 quisse.

340 1213 427 1270 cxc.
447 1244 483 1255 -
503 1213 551 1268 DE
571 1214 778 1269 ulsslsrno
799 1213 985 1269 SEllLONE
1006 1214 1053 1269 ET
1073 1214 1194 1271 socio
1215 1216 1290 1274 SUO

474 1311 574 1367 POST
593 1311 761 1368 MORTEM
781 1312 818 1367 El
839 1312 1090 1368 APPARENTE
1110 1312 1159 1382 (l).

281 1488 382 1558 Vnde
397 1489 565 1581 magister
577 1488 674 1557 Serlo
694 1487 833 1558 cuidam
848 1489 942 1557 socio
958 1510 1021 1556 suo
1038 1496 1157 1579 egroto
1172 1492 1305 1582 pepigit
1321 1494 1413 1582 quod

217 1612 293 1696 post
316 1611 466 1673 mortem
486 1611 615 1673 statum
632 1627 736 1672 suum
761 1605 827 1672 sibi
843 1605 1038 1672 nunciaret.
1061 1604 1159 1673 Vnde
1176 1629 1256 1674 cum
1271 1608 1415 1699 aliquod

218 1721 291 1810 (ric)
322 1719 445 1788 diebus
475 1727 551 1810 post
579 1727 728 1788 mortem
758 1718 918 1810 apparuit
945 1721 976 1787 ei
1007 1742 1086 1788 cum
1111 1743 1196 1811 capa
1223 1721 1265 1791 de
1296 1701 1415 1814 parga'-

217 1858 320 1905 meno
332 1835 378 1926 (2)
388 1837 485 1904 intus
500 1843 534 1904 et
548 1843 646 1903 extra
661 1835 935 1924 sophismatibus
947 1836 1130 1925 descripta.
1142 1836 1209 1918 Qui
1226 1840 1416 1928 requisitus

216 1975 235 2019 a
258 1951 426 2041 magistro
448 1951 509 2041 qui
529 1958 631 2031 esset,
650 1953 698 2019 ait
716 1973 722 2018 :
740 1952 824 2019 Sum
848 1951 907 2018 ille
930 1952 991 2041 qui
1012 1953 1157 2041 promisi
1180 1959 1219 2021 ut
1242 1956 1413 2023 uenirem.

218 2068 420 2158 Requisitus
443 2089 529 2135 uero
553 2066 705 2156 qualiter
728 2090 764 2134 se
790 2066 944 2148 baberet,
963 2065 1051 2135 dixit
1076 2090 1112 2136 se
1134 2090 1254 2158 capam
1277 2078 1415 2158 portare

217 2205 279 2273 pro
302 2183 416 2274 gloria
441 2204 548 2272 quam
571 2184 607 2249 in
629 2181 864 2272 disputatione
890 2183 1147 2272 sophismatum
1181 2184 1316 2266 habuit,
1348 2209 1416 2276 quc

217 2305 312 2367 turre
333 2298 413 2388 plus
431 2297 680 2389 ponderalrelt,
699 2305 732 2365 et
752 2299 832 2388 igne
851 2299 1008 2388 grauiter
1027 2301 1228 2390 purgatorio
1247 2304 1414 2390 torqueri.

215 2415 382 2506 Magister
408 2436 505 2496 uero,
536 2435 664 2504 penam
693 2412 965 2504 paruipendens‚
993 2413 1095 2481 illum
1129 2416 1248 2506 ignem
1276 2417 1415 2485 facilem

216 2530 396 2599 iudicauit.
427 2530 470 2598 Et
493 2529 582 2598 dixit
605 2532 637 2597 ei
664 2535 825 2598 mortuus
853 2528 946 2619 quod
969 2552 1114 2598 manum
1143 2531 1349 2600 extenderet
1377 2540 1416 2601 ut

215 2646 383 2735 lacilelm)
405 2667 531 2735 penam
552 2647 708 2714 sentiret.
726 2645 765 2713 Et
787 2653 949 2713 mortuus
970 2647 1110 2714 unicam
1130 2653 1264 2738 guttam
1280 2648 1415 2716 dimisit

214 2764 275 2853 qui
297 2762 371 2852 (sic)
393 2784 539 2830 manum
559 2763 717 2852 magistri
734 2762 936 2851 perdomuit.
960 2762 1002 2828 Et
1015 2762 1064 2829 ait
1083 2761 1301 2853 discipulus:
1323 2764 1416 2832 Talis

213 2901 293 2947 sum
314 2884 420 2945 totus.
437 2877 602 2970 Magister
617 2901 700 2946 uero
718 2878 923 2967 perterritus
939 2879 1058 2946 statim
1078 2879 1236 2947 seculum
1259 2878 1409 2952 dimisit.

214 3000 248 3062 at
269 2996 406 3061 intrans
420 2993 613 3062 claustrum
629 2993 692 3062 hos
708 3016 832 3062 uersus
852 2995 1053 3083 composuit
1071 3015 1079 3061 :

375 3145 499 3226 Linquo
512 3164 588 3207 coar
606 3146 702 3218 ranis,
719 3144 813 3224 crals]
827 3147 935 3206 corais
950 3163 1100 3223 uanaque
1120 3147 1235 3220 uanis;

378 3245 422 3305 ad
439 3245 577 3324 logicam
593 3261 692 3323 pergo
707 3260 770 3321 que
783 3244 897 3305 mortis
912 3261 977 3304 non
995 3244 1086 3304 timet
1103 3260 1192 3322 ergo.

353 3459 453 3515 CllCl.
473 3488 509 3499 -
527 3459 579 3513 DE
597 3456 808 3513 CUJUSlldll
830 3457 948 3512 sauls
970 3457 1205 3513 VlSlONlBUS
1226 3459 1275 3530 (a).

283 3637 433 3719 Quidam
451 3659 556 3704 senex
573 3636 731 3703 narrauit
746 3659 782 3702 sc
800 3634 930 3702 uidisse
951 3634 1095 3725 angelos
1111 3636 1269 3703 louantes
1290 3657 1414 3702 manus

216 3762 250 3823 et
259 3751 464 3846 gaudentes,
477 3751 617 3843 quando
632 3751 867 3842 loquebantur
879 3750 921 3819 de
937 3749 1181 3819 hedificationo
1196 3752 1412 3826 animarum;

215 3869 356 3960 quando
371 3891 455 3937 uero
470 3867 704 3958 loquebantur
718 3866 761 3935 de
777 3865 881 3934 rebus
897 3866 1125 3944 secularibus
1136 3865 1279 3934 uidebat
1292 3888 1415 3956 porcos

217 3984 375 4054 sordidos
388 3984 576 4053 uolitantcs
591 3990 625 4050 ct
644 3981 861 4051 sordidantes
878 4005 937 4050 eos
952 3984 1012 4073 qui
1033 3982 1074 4050 da
1090 3982 1159 4049 hiis
1176 3982 1279 4050 rebus
1295 3982 1415 4072 loqua-

217 4100 356 4170 bantur.
379 4101 465 4170 Cum
486 4122 571 4168 uero
594 4100 722 4166 iterum
743 4097 784 4164 do
811 4098 1066 4179 aedificatione,
1090 4097 1250 4166 redibant
1273 4097 1410 4187 [angelii

220 4215 423 4308 gaudentes.

272 4423 310 4494 (l)
332 4423 424 4478 lltme
445 4438 572 4477 sermon.

274 4512 313 4582 (2)
334 4511 432 4567 Lisez:
452 4526 629 4581 pergameno.

275 4602 313 4671 (3)
330 4601 421 4656 ldtme
441 4615 570 4656 sermon.
