3270 5626
316 477 467 529 ononis
493 480 544 530 DE
571 481 786 534 CERl'l'ONA
813 484 1058 535 PARABOLAE.
1240 490 1285 539 2³5

154 621 223 703 Sic,
241 621 270 688 si
291 621 401 688 nostri
428 622 623 693 sacerdotes
643 626 835 695 uirtutibus
862 627 983 696 uallati
1007 637 1131 711 essent,
1157 631 1286 699 multas

85 738 222 804 animas
236 758 257 803 a
271 737 330 804 uia
345 737 475 806 inferni
492 738 695 809 liberarent.

234 1005 324 1060 XXV.
345 1035 380 1045 -
403 1005 454 1060 DE
480 1006 635 1064 ELYSEO
662 1008 710 1063 ET
735 1009 868 1065 ranno
894 1009 1065 1066 sunonis
1085 1011 1093 1083 (
1113 1010 1133 1082 l.

153 1193 239 1261 Cum
267 1192 329 1260 tilii
356 1191 602 1284 prophetarum
634 1193 796 1262 cederent
825 1194 932 1286 ligna,
956 1195 1081 1264 accidit
1103 1198 1165 1264 uni
1194 1199 1287 1288 quod

84 1310 219 1377 ferrum
234 1309 368 1377 securis
383 1308 508 1377 cecidit
518 1309 557 1376 in
567 1331 707 1399 aquam,
719 1309 999 1401 exclamauitque
1014 1311 1056 1379 ad
1072 1311 1261 1404 Helyseum
1276 1335 1284 1381 :

85 1424 178 1506 Heu,
206 1423 291 1506 heu,
318 1423 405 1499 beu,
427 1423 568 1493 dominc
593 1426 660 1507 mi,
685 1432 719 1493 et
742 1425 807 1493 hoc
830 1427 904 1515 ipso
929 1433 1051 1495 mutuo
1071 1451 1283 1518 acceperam.

84 1539 246 1609 Heliseus
272 1545 390 1608 autem
419 1538 567 1629 precidit
597 1539 736 1631 lignum
762 1548 797 1608 et
826 1542 925 1622 misit
952 1541 1055 1624 illuc;
1082 1547 1286 1635 notauitque

83 1656 231 1739 ferrum,
249 1663 284 1725 et
301 1657 351 1724 ait
371 1677 380 1724 ε
399 1655 507 1724 Tolle.
529 1653 596 1736 Qui
612 1654 769 1725 extendit
785 1679 930 1725 manum
950 1665 985 1726 et
1004 1659 1087 1728 tulit
1106 1659 1206 1728 illud.

201 1917 310 1972 xxvi.
334 1947 370 1958 -
395 1917 446 1972 uu
473 1916 643 1983 uuonan
671 1917 856 1972 annium
886 1918 933 1972 ur
957 1918 1176 1974 einrvunu

562 2014 745 2070 rursum
765 2015 815 2088 (2).

153 2209 269 2278 Semel
286 2209 374 2278 dixit
388 2209 535 2301 angelus
554 2209 691 2278 cuidam
708 2209 891 2292 heremite,
906 2211 989 2300 quia
1006 2208 1182 2299 quendam
1200 2232 1285 2300 qua·

86 2325 292 2395 triduanum
325 2325 479 2393 traderet
509 2325 701 2417 sepulture.
737 2325 890 2392 Veniens
923 2347 1004 2415 ergo
1038 2324 1209 2411 heremita
1241 2325 1284 2392 ad
1403 2402 1406 2407 .

86 2442 237 2511 cadauer
261 2442 398 2511 fortiter
425 2447 565 2533 propter
587 2442 734 2509 fetorem
758 2462 884 2508 nasum
909 2441 1033 2508 tenuit.
1056 2441 1144 2509 Cum
1168 2446 1285 2509 autem
1329 2537 1332 2541 ·

86 2558 270 2648 uenilsset]
292 2557 435 2648 quidam
455 2556 602 2649 pulcher
626 2555 847 2639 domicellus,
869 2555 1016 2647 angelus
1036 2578 1163 2624 nasum
1183 2579 1287 2625 suum

86 2676 213 2743 tenuit.
234 2673 278 2741 Et
296 2673 485 2763 requisiuit
499 2671 673 2741 heremita
688 2694 797 2762 quare
819 2670 886 2740 hoc
905 2672 1044 2754 faceret,
1067 2678 1101 2739 et
1115 2670 1204 2740 dixit
1223 2695 1286 2740 an-

85 2791 218 2882 gelus:
246 2788 335 2870 Quia
363 2790 428 2857 iste
457 2788 603 2878 pulcher
636 2788 856 2870 domicellus,
889 2794 1032 2877 propter
1062 2794 1284 2877 peccatorum

86 2909 247 2988 fetorem,
258 2904 336 2994 plus
348 2906 471 2973 feteret
489 2905 527 2972 in
540 2909 728 2993 conspectu
748 2903 887 2971 Domini
901 2909 935 2971 ot
954 2905 1160 2993 angelorum
1181 2924 1287 2994 quam

86 3023 236 3091 cadauer
251 3020 347 3088 illius
363 3021 463 3089 ouius
478 3022 625 3089 fetorem
641 3018 823 3087 abhorres.

223 3279 345 3335 xnvu.
369 3308 404 3321 -
427 3279 479 3333 ou
504 3278 610 3334 nucu
635 3277 820 3333 rornuru
845 3278 946 3334 uini
969 3277 1150 3333 suasura

481 3377 533 3432 un
556 3376 826 3432 nscrrnunar
850 3376 896 3446 (a).

154 3553 304 3638 Quidam
324 3577 386 3622 rex
405 3561 539 3644 potenS,
564 3576 669 3643 quem
690 3551 851 3620 homines
870 3554 971 3643 quasi
992 3575 1053 3642 pro
1074 3551 1138 3620 deo
1159 3549 1289 3618 habue-

87 3679 182 3755 runt,
205 3669 328 3761 pedem
348 3670 465 3759 posuit
484 3669 521 3737 in
541 3667 648 3736 limbo
669 3669 789 3749 maris,
807 3674 842 3735 et
861 3669 965 3736 iussit
984 3668 1085 3758 aquis
1106 3689 1149 3734 ne
1169 3677 1288 3733 ascen·—

86 3788 211 3858 derent
224 3785 384 3854 minime.
407 3786 536 3853 Tamen
558 3785 653 3874 [non]
671 3782 876 3853 obedientes
894 3782 998 3873 pedes
1015 3783 1092 3849 eius
1111 3787 1288 3849 transcen-

87 3904 226 3974 derunt.
244 3901 287 3970 Et
305 3901 355 3968 ait
377 3922 464 3968 rex:
487 3899 549 3967 lllc
575 3922 656 3967 uere
677 3905 729 3967 est
755 3922 816 3967 rex
836 3905 870 3966 ct
892 3898 1060 3966 dominus
1081 3897 1140 3987 qui
1165 3919 1285 3988 aquaS,

88 4025 192 4111 prout
204 4017 294 4102 uult,
316 4015 503 4085 ascendere
522 4015 613 4084 facit.

153 4134 257 4202 lhesu
273 4132 377 4215 bone,
393 4131 562 4223 quoniam
576 4133 613 4199 in
629 4133 712 4200 naui
729 4130 912 4198 nobiscum
929 4129 985 4219 [te]
1003 4150 1079 4196 esse
1099 4126 1285 4208 credimus,

140 4313 178 4385 (t)
195 4313 346 4368 Dominieu.
364 4320 404 4365 o⁸.
413 4317 475 4381 post
492 4310 596 4372 notate,
610 4308 758 4365 sedendum
773 4309 934 4372 lluttteum,
950 4308 1032 4362 .oiii⁰.
1047 4307 1084 4347 ’-
1099 4303 1285 4361 Ascendente

89 4404 175 4459 lhesu
189 4402 219 4457 in
234 4399 416 4456 nauiculam.

142 4491 179 4563 (⁶2)
196 4492 290 4546 bltme
303 4505 433 4544 sermon.

143 4581 181 4653 (3)
196 4582 290 4636 lttme
310 4594 441 4635 sermon.
