3270 5626
267 521 312 567 :ru
374 513 478 565 rans
505 497 622 563 ciras
649 512 889 564 rennuens
918 515 1026 565 nnus
1052 513 1125 565 sus
1152 512 1357 565 sanuous

351 649 417 726 ‘Est
436 680 516 726 caro
537 662 656 724 nostra
676 657 803 739 lutum,
826 659 935 746 patris
955 658 1128 747 sapientia
1148 663 1310 746 sputum:

359 775 411 841 Fit
431 796 542 863 genus
564 772 760 840 humanum
780 773 840 840 tali
863 772 1096 841 medicamine
1117 796 1257 840 sanum.

358 1005 513 1078 Mandat,
537 1002 712 1086 secundat,
735 1011 851 1072 servat
870 1003 1083 1096 dantemque
1108 1003 1263 1077 decorat.

357 1123 494 1211 Pugnat
514 1125 549 1187 et
568 1126 757 1210 expugnat,
780 1120 901 1197 sociat,
923 1120 1069 1188 corrobo
1091 1144 1138 1201 a,
1160 1128 1255 1201 orat;

358 1237 552 1326 Extingnit,
577 1233 729 1317 redimit,
752 1235 941 1317 illuminat,
963 1236 1120 1325 ampliat,
1143 1237 1247 1327 ungit
1262 1238 1321 1326 (1).

358 1470 445 1535 Cum
466 1468 533 1540 tex.
556 1488 636 1535 eum
656 1467 774 1548 fimus,
795 1489 877 1534 oum
898 1488 953 1534 res
973 1467 1148 1535 vilissima
1168 1467 1294 1540 simus,

362 1583 458 1650 Unde
479 1581 726 1671 superbimus?
746 1580 798 1649 Ad
819 1589 948 1649 terram
968 1589 1061 1650 terra
1080 1581 1250 1650 redimus.

360 1814 489 1904 Surgas
509 1813 573 1880 hac
594 1812 679 1880 hora
698 1834 767 1902 qua
786 1811 940 1880 surrexit
959 1811 1053 1881 Deus
1073 1812 1178 1892 hora3

360 1929 419 1997 Est.
438 1929 631 2019 dampnosa
650 1949 764 2010 mora;
786 1927 906 2018 vigila,
929 1935 1163 2008 concertare,
1185 1929 1296 2017 plora.

640 2177 671 2232 4⁰
695 2176 797 2233 VERS
827 2175 1094 2233 onnlnalaus.

337 2357 373 2424 Si
394 2357 439 2422 sit
459 2357 599 2445 spinosa
620 2356 688 2436 via,
710 2354 845 2423 lubrica
866 2355 920 2422 vet
943 2353 1138 2431 tenebrosa,

338 2471 481 2539 Calceus
501 2478 535 2538 et
553 2470 699 2539 baculus
720 2471 911 2559 lumenque
931 2469 995 2538 tibi
1016 2471 1208 2539 socientur.

338 2702 509 2772 Nobilitas
529 2703 681 2794 generis,
705 2702 861 2791 prelatio
880 2694 1096 2793 divitiaeque,

340 2818 501 2907 Corporis
518 2840 558 2885 ao
577 2818 704 2885 animae
723 2815 821 2885 dotes
840 2817 925 2885 dant
944 2840 1019 2886 esse
1040 2817 1248 2907 superbum.
1312 2889 1317 2895 ,

407 3050 462 3117 Nil
485 3049 570 3116 mihi
593 3047 776 3123 rescribas,
799 3055 951 3116 attamen
974 3050 1047 3137 ipse
1069 3052 1160 3116 veni.

342 3245 499 3311 tlantabit
519 3267 647 3312 vacuus
667 3267 785 3311 coram
805 3246 939 3311 latrone
960 3245 1084 3310 viator.

343 3479 429 3543 Sunt
451 3476 653 3567 evangeliea
673 3476 740 3541 tria
759 3476 893 3542 cantica
913 3473 1036 3542 stando
1051 3477 1229 3551 canenda:

344 3592 426 3672 Quae
448 3598 531 3659 sunt
553 3613 559 3657 :
582 3591 793 3681 Magnificat,
816 3590 914 3657 Nune
935 3589 1095 3671 dimittiS,
1118 3592 1342 3661 Benedictus.

345 3825 449 3891 Fossa
469 3822 564 3890 dabit
585 3823 701 3903 tellus
724 3827 841 3910 optato
862 3828 1031 3910 tempore,
1053 3822 1207 3896 ineratus:

413 3939 516 4005 Fossa
537 3961 616 4005 earo
637 3936 764 4004 Christi
785 3936 904 4004 omliou
926 3959 1034 4027 regna
1055 3935 1162 4005 dabit.

347 4171 581 4259 praepropere,
604 4169 710 4250 laute,
733 4167 840 4235 nimis
860 4167 1035 4248 ardenter,
1058 4168 1215 4237 studiose
1242 4175 1294 4258 ἱ).

348 4287 450 4353 lsrael
473 4292 508 4352 et
525 4284 703 4365 Jonathas‚
724 4285 826 4365 Esat'r,
844 4282 1033 4367 Sodomita,
1052 4284 1225 4352 sacerdos.

333 4501 371 4569 (1)
388 4500 440 4555 Ces
462 4501 534 4555 trois
554 4516 616 4554 vers
637 4498 814 4553 enumerent
831 4496 872 4551 les
888 4498 972 4551 etiets
992 4497 1027 4553 de
1045 4497 1203 4554 l'aumdue.

335 4591 373 4657 (2)
390 4591 466 4644 Dans
480 4606 511 4643 oe
528 4606 592 4643 vers
601 4593 668 4643 sont
681 4587 773 4642 risdes
781 4585 823 4641 les
831 4591 935 4656 quatre
947 4587 1049 4656 taeons
1059 4588 1095 4642 de
1109 4589 1220 4659 pectrer
1230 4597 1330 4646 contre
1341 4590 1362 4644 te
1369 4585 1439 4657 jetur.
