3270 5626
580 465 810 518 ceconomo
840 466 1040 520 SECUNDA.
1363 469 1409 519 399

268 713 350 769 xvn
380 713 434 785 (c).
464 743 498 752 -
526 712 577 766 na
608 710 783 766 maruan
812 708 1120 776 consessionis
1145 709 1353 773 oaraurrun

628 809 738 863 vrcrr
767 807 988 863 urunoauu.

277 992 404 1060 Narrat
411 989 601 1081 Gregorius
617 987 706 1055 libro
718 987 957 1077 Dialogorum,
969 985 1153 1076 quodcum
1169 1010 1257 1078 papa
1267 986 1409 1078 quidam

210 1108 318 1176 Rome
347 1106 551 1173 infirmitate
574 1104 785 1195 grauissima
811 1103 1006 1193 langueret,
1033 1101 1206 1185 diabolus,
1232 1103 1268 1170 in
1293 1104 1409 1194 specie

208 1204 496 1291 medici'intuns
519 1218 563 1287 ad
589 1241 671 1287 eum
698 1225 734 1287 et
756 1216 891 1308 pixides
916 1222 952 1284 et
976 1216 1210 1286 medicamina
1234 1217 1407 1302 deferens,

209 1337 394 1429 requisiuit
417 1336 461 1405 ab
485 1359 526 1404 eo
546 1337 577 1403 si
595 1335 712 1403 curari
734 1333 853 1402 vellet.
876 1334 940 1402 Cui
965 1357 1054 1424 papa
1073 1333 1255 1425 respondit
1273 1358 1310 1403 se
1329 1336 1409 1427 plus

210 1451 385 1523 confidere
401 1454 438 1520 in
458 1450 684 1520 oracionibus
707 1449 890 1519 cuiusdam
906 1450 1012 1519 vidue
1033 1451 1070 1518 in
1090 1451 1233 1519 ciuitate
1249 1474 1356 1542 quam
1371 1453 1409 1519 ia

208 1568 376 1639 omnibus
405 1567 478 1636 suis
502 1565 809 1636 medicaminibus.
838 1566 901 1633 Cui
924 1565 1082 1635 demon:
1110 1568 1181 1634 Heo
1209 1567 1305 1636 latua
1331 1591 1410 1659 pre-

209 1684 368 1776 sumpcio
384 1690 448 1752 est.
465 1684 554 1752 Nam
570 1682 631 1750 illa
647 1680 753 1750 vidua
767 1682 920 1773 pessima
936 1683 1065 1750 mulier
1080 1689 1132 1750 est
1147 1689 1182 1750 et
1196 1684 1407 1762 incestuosa,

208 1824 277 1892 que
296 1799 340 1868 do
360 1798 500 1890 proprio
513 1799 586 1866 filio
602 1820 665 1865 suo
680 1798 794 1865 tilium
810 1798 981 1887 concepit,
993 1821 1099 1888 quem
1111 1806 1233 1866 natum
1246 1799 1410 1868 manibus

209 1918 283 1985 suis
302 1916 456 1984 necauit.
479 1915 522 1983 Et
535 1914 602 1982 hoc
620 1913 709 1983 dixit
727 1936 764 1981 se
784 1913 874 1982 velle
892 1913 1052 2004 probare.
1070 1912 1124 1982 Ad
1145 1914 1210 1982 hec
1229 1938 1318 2006 papa
1338 1923 1410 1985 stu-

209 2033 367 2124 petactus
391 2032 494 2100 iussit
519 2031 619 2098 illam
647 2029 790 2098 viduam
821 2030 950 2097 vocari.
978 2029 1054 2110 Qua
1080 2037 1217 2114 vocata,
1248 2031 1410 2100 diabolus

209 2153 411 2217 constanter
439 2169 516 2215 eam
542 2144 719 2214 accusauit
753 2144 795 2212 de
824 2151 965 2237 peceato
999 2146 1198 2213 commisso.
1236 2146 1298 2215 llla
1323 2170 1409 2215 vero

210 2265 366 2356 negauit.
397 2262 510 2343 Quam
532 2262 671 2352 culpam
694 2283 774 2329 cum
799 2259 931 2328 diceret
954 2283 990 2328 se
1017 2261 1106 2328 velle
1127 2261 1285 2351 probare,
1308 2263 1410 2332 iussit

210 2403 297 2471 papa
324 2385 512 2469 utrumque
540 2378 596 2446 die
621 2377 722 2445 tertia
746 2399 862 2445 coram
883 2399 924 2444 eo
944 2377 1076 2444 venire.
1101 2376 1230 2446 Mulier
1255 2401 1350 2462 vero,
1372 2404 1409 2448 se

210 2497 246 2563 in
265 2496 391 2584 arlclto
412 2493 559 2584 positam
577 2516 738 2576 cernens,
763 2499 944 2583 peccatum
969 2514 1033 2560 suo
1058 2491 1229 2561 sacerdoti
1251 2495 1410 2565 confessa

209 2617 273 2694 est,
296 2609 404 2678 simul
428 2616 462 2678 at
485 2609 585 2678 beate
605 2609 713 2677 Mario
734 2609 969 2698 patrocinium
997 2608 1283 2698 implorans..Die
1306 2613 1410 2680 tertia

210 2726 317 2796 simul
346 2746 462 2793 coram
488 2748 577 2816 papa
608 2731 848 2793 reuertuntur.
880 2724 977 2792 Tunc
1005 2723 1095 2792 dixit
1117 2747 1205 2815 papa
1227 2726 1369 2795 demoni
1400 2750 1408 2797 :

210 2841 300 2924 Quid
324 2841 431 2909 babes
456 2847 493 2909 tu
515 2840 685 2909 aduersus
710 2841 800 2908 hauc
825 2840 1012 2907 mulierem
1041 2863 1147 2930 quam
1171 2864 1284 2932 nuper
1307 2865 1410 2912 accu-

210 2958 316 3027 sasti?
334 2955 526 3046 Respondit
540 2954 668 3024 demon
685 2977 693 3023 ε
711 2956 838 3024 Contra
853 2978 930 3023 eam
951 2953 1060 3023 nichil
1081 2954 1193 3025 habeo
1213 2980 1278 3026 nec
1298 2958 1410 3049 ipsam

211 3094 400 3165 cognosco;
416 3078 479 3153 set,
489 3071 581 3140 sieut
595 3072 659 3154 sol,
676 3072 769 3140 clara
786 3071 936 3162 refulget
951 3071 1108 3161 insuper,
1121 3077 1156 3138 et
1170 3095 1275 3164 super
1289 3074 1411 3144 hume·

212 3211 291 3257 rum
306 3188 384 3255 eius
399 3187 509 3255 altera
528 3188 658 3255 mulier
672 3209 820 3255 manum
835 3188 991 3276 apponit,
1009 3210 1078 3277 que
1098 3210 1159 3278 pre
1179 3189 1291 3258 nimia
1312 3190 1412 3260 clari-

211 3310 280 3373 tate
307 3326 381 3371 uon
402 3309 515 3393 potest
538 3302 681 3372 intueri.
712 3303 755 3371 Et
781 3302 851 3369 hiis
877 3302 991 3382 dictis,
1016 3325 1097 3370 cum
1126 3310 1223 3372 tanto
1252 3307 1410 3374 tumultu

211 3419 395 3510 disparuit,
408 3417 501 3510 quod
517 3420 633 3510 ipsum
649 3442 724 3486 esse
740 3418 927 3486 demonem
943 3419 1108 3508 cunlcltis
1123 3420 1323 3510 apparebat.

277 3535 422 3604 Mistice.
444 3535 500 3602 Sic
520 3535 581 3625 qui
606 3534 647 3602 de
673 3535 807 3602 vilitate
834 3535 967 3623 peccati
992 3533 1060 3602 sibi
1087 3536 1200 3619 timet,
1227 3537 1411 3605 lacrimose

210 3649 411 3720 confitendo
431 3649 629 3731 abscondat,
651 3651 734 3740 quia
756 3651 873 3739 ipsum
893 3655 1075 3739 peccatum
1096 3657 1173 3741 post
1191 3674 1311 3719 veram
1332 3675 1414 3720 eon·

209 3767 403 3835 fossionem
418 3764 580 3834 diabolus
591 3766 740 3857 ignorat.
752 3772 786 3832 et
801 3764 866 3833 hoc
882 3771 935 3833 est
949 3765 1043 3856 quod
1055 3765 1099 3834 ab
1114 3789 1155 3834 eo
1171 3766 1410 3835 absconditur.

210 4033 318 4107 xvul
345 4033 416 4104 (cl).
441 4064 476 4072 —
500 4034 550 4089 DE
574 4034 685 4090 FlLlA
709 4035 919 4091 CUIUSDAM
943 4034 1171 4100 1101110111]
1195 4037 1217 4089 d
1243 4036 1414 4101 Quounu

394 4132 647 4189 cnulsllaxo
676 4134 815 4188 duona
844 4133 976 4188 Fauno
1004 4133 1239 4190 1111111111Ξῆ.

282 4308 365 4376 Erat
386 4309 459 4379 filia
477 4308 659 4378 cuiusdam
677 4309 787 4393 ludei,
804 4333 872 4400 que
893 4334 912 4376 a
933 4309 1086 4400 quodam
1110 4310 1303 4380 christiano
1318 4334 1415 4380 ama·

212 4423 320 4492 batur
334 4446 454 4494 amore
469 4426 577 4507 fatuo,
595 4433 627 4493 et
645 4427 852 4516 inpregnata
870 4425 950 4495 tuit.
968 4425 1079 4509 Vnde,
1098 4449 1177 4496 cum
1197 4432 1295 4516 pater
1308 4426 1353 4497 ab
1374 4450 1415 4496 ea

213 4545 382 4630 quereret
396 4541 475 4629 quis
494 4564 572 4608 eam
594 4542 848 4630 impregnasset
868 4564 932 4609 nee
947 4542 1022 4630 ipsa
1037 4564 1119 4610 eum
1135 4543 1281 4632 prodere
1295 4543 1412 4627 vellet,
