3270 5626
726 517 913 572 FABULAE.

509 751 619 806 LVlll.
645 783 681 792 -
704 752 871 824 [vulnus
900 753 948 806 ΕΤ
976 750 1128 820 calesu

661 933 750 993 Alia
770 936 817 993 de
839 934 977 993 eodem.

282 1114 413 1203 Vulpes
433 1136 502 1181 vna
517 1113 572 1181 die
588 1115 748 1183 obuiauit
762 1115 845 1184 Cato
860 1121 895 1182 et
912 1114 1004 1183 dixit
1022 1115 1055 1183 ei
1074 1136 1082 1182 ε
1105 1113 1183 1196 Quo
1203 1113 1325 1182 vadis?
1340 1114 1421 1181 Res-

213 1229 337 1320 pondit
363 1229 524 1298 :Venari
547 1231 738 1321 quicquam
761 1229 1029 1300 comedendum.
1053 1230 1115 1298 Cui
1139 1229 1301 1318 Vulpes:
1331 1228 1422 1310 Quot

213 1344 322 1414 habes
338 1344 494 1414 cautelas
512 1344 667 1414 venandi
679 1346 735 1413 vel
751 1347 863 1414 eciam
884 1346 1043 1436 pericula
1062 1343 1248 1414 euadendi.
1267 1345 1422 1435 Respon-

212 1460 264 1529 dit
282 1461 388 1529 Catus
410 1482 417 1529 :
440 1461 555 1528 Vnam
575 1467 726 1529 tantum.
749 1462 812 1528 Cui
835 1461 990 1551 Vulpes:
1014 1461 1057 1528 Et
1075 1483 1143 1550 que
1164 1468 1217 1529 est
1236 1459 1317 1529 illa?
1336 1461 1420 1529 Res-

212 1575 334 1666 pondit
354 1576 485 1644 Catus:
505 1574 640 1659 Saltus,
663 1576 820 1645 saliendo
840 1578 936 1645 enim
956 1575 1101 1667 predam
1121 1577 1238 1666 capio,
1261 1575 1420 1645 saliendo

213 1713 318 1760 canes
339 1692 567 1782 insequentes
587 1691 710 1761 euado.
733 1692 776 1761 Et
794 1692 926 1782 Vulpes
944 1714 951 1762 :
970 1693 1070 1760 Certe
1094 1715 1158 1784 ego
1182 1693 1254 1760 scio
1278 1692 1419 1783 viginti,

213 1813 246 1876 et
262 1806 379 1875 adhuc
394 1807 540 1897 plenum
556 1830 695 1876 saccum
709 1806 833 1876 haben.
848 1808 939 1876 Veni
955 1809 1063 1900 igitur
1079 1830 1231 1889 mecum,
1243 1813 1278 1876 et
1291 1806 1421 1875 docebo

213 1928 246 1992 te
262 1924 421 1991 cautelas
441 1945 550 1992 meas.
568 1923 611 1991 Et
630 1924 757 1992 annuit
777 1924 893 1993 Catus.
916 1924 1061 1993 luerunt
1082 1924 1200 2014 itaque
1216 1924 1358 2013 pariter.
1380 1923 1422 1990 El

213 2039 365 2106 veniunt
381 2045 563 2107 venatores
576 2062 657 2107 oum
673 2039 819 2108 canibus
835 2047 869 2107 et
884 2038 1049 2108 cornibus
1069 2040 1221 2107 viriliter
1235 2040 1421 2129 insequen-

216 2160 265 2222 tes
284 2176 355 2221 eos.
378 2154 422 2222 Et
444 2155 493 2222 ait
513 2155 642 2225 Catus:
664 2155 778 2223 Audio
801 2178 907 2223 sonos
926 2156 1089 2224 cornium
1114 2161 1148 2223 et
1171 2175 1315 2235 cannm;
1340 2154 1420 2222 volo

213 2268 263 2337 vti
279 2270 416 2337 cautela
431 2292 521 2338 mea.
535 2270 596 2337 Cui
609 2270 742 2361 Vulpes
754 2292 762 2339 :
775 2270 805 2338 N
808 2270 887 2338 imis
901 2277 954 2337 est
965 2269 1112 2339 timidus
1123 2291 1131 2353 ;
1144 2270 1225 2338 veni
1240 2267 1415 2338 audacter.

212 2384 588 2476 Appropinquantibus
610 2386 728 2477 itaque
752 2384 900 2454 canibus
924 2385 1011 2454 dixit
1033 2387 1160 2454 iterum
1184 2386 1313 2454 Catus:
1331 2385 1419 2454 Nolo

211 2500 292 2591 plus
308 2507 522 2590 exspectare,
540 2503 625 2592 quia
640 2501 837 2591 periculum
853 2500 941 2569 mihi
956 2502 1059 2571 video
1076 2524 1146 2570 non
1161 2499 1339 2569 modicum
1355 2501 1420 2568 im-

212 2616 361 2684 minere.
384 2616 427 2683 El
448 2617 592 2685 saltanit
611 2618 648 2684 in
668 2616 843 2700 arborem,
865 2617 1056 2686 ascendens
1080 2618 1117 2684 in
1136 2638 1305 2685 cacumen
1328 2617 1416 2685 eius.

212 2731 322 2800 Canes
342 2753 438 2812 vero,
460 2733 583 2799 Catum
604 2738 903 2821 pertranseuntes,
920 2718 1230 2823 apprehenderunt
1248 2731 1415 2821 Vulpem,

211 2853 245 2914 et
270 2846 363 2914 male
391 2852 643 2915 tractauerunt.
672 2846 770 2929 Quod
794 2847 931 2931 videns,
952 2849 1056 2918 Catus
1077 2848 1203 2916 sedens
1231 2847 1268 2915 in
1292 2847 1417 2915 arbore

211 2961 437 3045 exclamauit,
458 2961 579 3030 dicens
597 2984 605 3031 ε
622 2963 748 3054 Vulpe,
771 2963 896 3053 Vulpe,
917 2965 1015 3055 aperi
1035 2986 1176 3031 saccum
1198 2969 1311 3046 tuum,
1334 2964 1418 3053 quia

210 3099 305 3146 nunc
325 3100 414 3168 opus
429 3076 549 3146 babes.

279 3192 381 3261 Tales
401 3199 484 3261 sunl
499 3192 634 3261 fraudis
655 3200 841 3278 amatores,
859 3194 901 3263 de
917 3192 1045 3283 quibus
1059 3193 1189 3263 dicitur
1208 3196 1312 3278 Luca,
1330 3217 1387 3263 xv1
1406 3215 1413 3262 :

212 3308 293 3376 Filii
321 3307 428 3377 huius
461 3309 571 3377 seculi
596 3309 846 3398 prudenciores
871 3314 955 3377 sunt
976 3310 1057 3378 tiliis
1079 3310 1169 3379 lucis
1193 3311 1254 3400 (l).
1280 3311 1328 3378 De
1353 3309 1417 3378 bac

211 3423 405 3515 prudencia
419 3423 548 3493 dicitur
562 3424 660 3493 aliud
678 3447 686 3494 :
702 3425 850 3494 Perdam
866 3425 1042 3514 sapientes
1058 3425 1100 3494 de
1116 3424 1274 3494 Vdumca
1288 3432 1323 3494 et
1338 3448 1417 3514 pru-

216 3539 340 3609 dentes
360 3538 403 3608 de
418 3540 510 3654 Esau
532 3540 594 3630 (2).
612 3540 711 3621 Quod
731 3541 800 3609 fuit
811 3542 848 3608 in
864 3539 928 3608 bac
944 3541 1073 3609 misera
1091 3541 1217 3631 Vulpe.

407 3788 484 3846 ΗΧ.
508 3821 545 3830 -
569 3791 738 3862 [VULPES
767 3790 815 3845 ΕΤ
843 3790 973 3846 LUPUS
1003 3789 1043 3844 ΙΝ
1071 3790 1226 3860 Pulso]

656 3954 745 4013 Alia
766 3918 974 4013 de⁸aodem

277 4117 411 4207 Vulpes
429 4119 528 4185 venit
546 4117 589 4186 ad
609 4124 755 4208 puteum
778 4117 966 4188 habentem
981 4117 1068 4187 duas
1088 4119 1224 4202 situlas,
1247 4119 1415 4210 misitque

210 4256 247 4302 se
261 4232 301 4301 in
320 4254 426 4300 vnam
441 4233 597 4314 illarum,
616 4240 649 4301 et
669 4232 850 4302 descendit
865 4236 901 4302 in
915 4233 1129 4324 profundum
1144 4235 1253 4324 putei,
1271 4257 1416 4326 sperans

210 4348 374 4418 inuenire
394 4349 506 4439 pisces
526 4349 563 4416 in
583 4371 637 4432 eo,
660 4355 694 4416 et
713 4349 804 4417 nihil
825 4351 962 4418 inuenit
982 4348 1051 4418 nisi
1071 4373 1211 4441 aquam.
1234 4351 1277 4418 Et
1295 4351 1344 4419 sic
1366 4350 1416 4417 ibi

264 4517 304 4592 (l)
320 4504 427 4591 llmng.
439 4518 522 4574 selon
533 4518 561 4574 S.
576 4519 644 4586 Luc,
657 4521 687 4576 C.
699 4536 756 4585 xvi,
770 4537 796 4576 v.
811 4521 838 4575 8.

264 4609 302 4681 (ἢ)
322 4608 417 4679 Voyez
432 4607 461 4664 la
475 4607 628 4680 prophetie
643 4605 792 4677 d’Abdias,
809 4626 835 4665 v.
851 4613 878 4666 8.
