3270 5626
344 503 395 553 ΕΤ
419 501 494 554 LES
525 499 771 552 PARABOLES
797 500 971 554 nutibus
998 504 1049 556 DE
1077 505 1298 559 canturos.
1368 513 1413 563 tos

214 647 412 709 monachum
432 646 619 707 liollensem
637 647 669 705 et
691 648 804 721 postea
821 644 943 704 ibidem
965 645 1156 722 episcopum
1175 660 1235 720 pro
1255 663 1314 706 suo
1332 651 1412 709 tem-

216 771 294 833 pore
313 755 349 814 in
363 752 578 815 Universitate
591 751 692 811 0166.
709 751 932 812 collectorum.

273 884 288 915 6
315 860 411 920 liber
436 858 554 920 domus
579 858 753 917 scolarium
776 857 816 918 de
842 859 975 918 iderton.
1005 860 1159 920 1601166.
1188 861 1221 921 in
1245 863 1411 923 communi

212 968 354 1036 libraria,
376 970 453 1039 etc,
470 963 691 1025 cathenandus
710 981 749 1024 61
764 963 850 1024 dono
869 966 948 1025 Ven.
966 968 1066 1042 patris
1084 967 1118 1025 D.
1139 968 1226 1028 Will.
1242 971 1328 1030 tertii
1344 971 1412 1046 epi-

214 1074 305 1150 scopi
321 1071 488 1144 cicestrie,
503 1077 564 1131 616.
587 1070 751 1131 Walterus
768 1071 911 1132 Roberti.
926 1095 941 1125 »

274 1181 316 1240 Le
338 1178 517 1239 manuscrit
541 1177 704 1238 renierme
729 1177 770 1237 de
792 1179 973 1239 nombreux
992 1197 1160 1259 ouvrages,
1177 1181 1257 1242 dont
1276 1184 1305 1244 le
1327 1189 1412 1246 cata-

214 1286 309 1363 logue
328 1284 479 1362 imprime
500 1284 557 1344 des
577 1284 773 1344 manuscrits
795 1283 854 1344 des
873 1285 1412 1368 6611611651101161611)11666616

215 1391 460 1452 nomenclature
475 1389 555 1450 dans
567 1390 616 1450 les
629 1394 751 1450 termes
765 1390 908 1450 suivants
927 1409 933 1449 :

269 1589 293 1637 t.
314 1584 489 1640 Adversaris
510 1585 545 1639 de
568 1584 710 1656 regimine
733 1584 910 1656 principum,
927 1591 995 1653 616,
1012 1603 1048 1641 ex
1066 1589 1239 1660 Augustino,
1256 1591 1287 1644 A.
1309 1589 1410 1659 Gellio,

218 1671 387 1744 wynlselay,
403 1674 453 1744 [an
466 1673 509 1728 lo.
524 1672 732 1743 Winchelsea,]
747 1672 873 1744 aliisque
887 1673 1019 1730 collecta.
1036 1675 1085 1732 161.
1103 1681 1127 1731 1.

266 1766 293 1817 2.
316 1763 460 1817 Locorum
493 1760 593 1816 tabula
620 1762 835 1828 communium,
865 1763 926 1817 5116
964 1765 1178 1822 5661661161616
1209 1768 1245 1822 de
1278 1768 1411 1836 diversis,

216 1850 262 1906 161.
277 1855 320 1906 rt.

266 1944 292 1995 3.
313 1939 467 2004 Quomodo
482 1938 572 1994 abbas
587 1937 632 1994 rel
644 1938 725 2010 prior
740 1940 767 1995 S.
784 1941 937 2012 Augustini
954 1941 1041 1996 dehet
1055 1959 1085 1998 se
1101 1960 1212 2016 gerere,
1229 1944 1277 1998 iol.
1297 1949 1338 2000 19.

266 2031 292 2083 i.
313 2028 424 2083 Tabula
438 2027 605 2083 fabularum
622 2027 843 2083 Romulearum.
858 2028 908 2084 161.
926 2032 968 2084 10.

266 2121 292 2172 5.
312 2116 423 2172 Tabula
434 2133 522 2188 super
535 2116 624 2172 llores
638 2115 796 2171 moralium
812 2118 1013 2190 antiquorum.
1028 2119 1078 2176 161.
1095 2123 1138 2175 20.

267 2210 293 2259 6.
314 2208 356 2260 Ex
377 2204 486 2260 fabulis
505 2206 591 2276 Esopi
616 2205 758 2276 sapientis
776 2206 830 2259 riri
851 2206 981 2275 moralis,
1003 2224 1075 2278 quas
1097 2209 1248 2264 transtulit
1271 2209 1413 2266 Romulus

221 2293 336 2363 quidam
352 2295 382 2350 in
399 2295 544 2349 Latinum.
558 2293 609 2348 161.
624 2294 696 2349 116.

267 2387 292 2436 i.
313 2383 414 2438 Floras
441 2382 598 2437 moralium
627 2383 817 2454 antiquorum
846 2401 881 2438 cx
908 2385 994 2440 dictis
1011 2386 1192 2459 Pythagoras,
1217 2386 1411 2458 Empedoclis,

223 2472 354 2536 Socratis,
367 2471 543 2536 Aristotelis,
559 2477 614 2526 etc.
631 2470 681 2526 161.
697 2474 741 2526 30.
1365 2496 1366 2499 “

268 2564 293 2616 8.
314 2562 491 2616 Sermonum
504 2560 740 2615 abbreviationes
752 2559 796 2615 rel
811 2561 956 2617 161166116.
970 2562 1020 2618 161.
1037 2565 1080 2619 13.

268 2654 293 2703 9.
314 2649 499 2717 Adversaris,
515 2651 575 2703 5116
591 2649 743 2716 anecdota,
758 2649 793 2704 dc
809 2650 942 2705 dirersis.
959 2651 1008 2706 161.
1024 2655 1068 2708 51.

270 2741 312 2792 10.
333 2740 444 2794 Seneca
458 2738 493 2793 de
507 2738 646 2793 remediis
663 2738 863 2794 fortuitorum.
881 2738 929 2794 161.
946 2744 979 2795 61
996 2741 1020 2794 6.

272 2831 312 2880 11.
334 2828 490 2882 Sermones
516 2826 628 2894 breves,
659 2825 703 2881 rel
726 2832 837 2891 notata,
864 2844 900 2882 ex
921 2829 1114 2899 scriptoribus
1138 2829 1261 2884 dirersis
1286 2828 1411 2896 collecti,

222 2915 363 2984 rhythmis
375 2914 502 2987 Anglicis
517 2916 563 2969 hic
577 2914 636 2970 illic
650 2916 846 2986 interspersis.
860 2915 909 2971 161.
926 2919 969 2971 61.

272 3007 312 3058 12.
335 3006 460 3059 Carmen
473 3005 508 3059 de
522 3004 652 3070 cbristo,
669 3004 795 3072 Aaplice.
811 3003 862 3059 161.
878 3008 938 3060 166.

273 3094 314 3146 rs.
336 3094 443 3147 Versus
455 3091 505 3147 alii
519 3093 554 3147 de
569 3091 706 3160 salsitate,
719 3092 755 3146 de
769 3093 862 3163 pmnis
875 3093 994 3161 1616161,
1008 3101 1064 3148 616.
1080 3094 1130 3150 161.
1149 3098 1199 3150 166
1208 3096 1232 3148 b.
1436 3160 1443 3169 Ι

273 3184 313 3236 ti.
335 3183 442 3236 Versus
455 3180 504 3235 alii
519 3181 549 3235 in
560 3180 648 3235 rerba
660 3181 779 3248 Christi,
793 3202 806 3228 α
821 3183 894 3236 Caro
908 3198 974 3237 mea
989 3199 1055 3236 vere
1070 3190 1112 3238 est
1123 3183 1217 3251 cibus,
1232 3205 1245 3232 r
1260 3189 1315 3238 etc.
1331 3183 1361 3237 Β.
1379 3184 1410 3237 V.

221 3269 348 3336 llariam,
360 3275 417 3325 616.
432 3269 482 3325 161.
501 3273 561 3324 161.

271 3362 312 3414 16.
333 3359 436 3414 861166
456 3358 491 3413 de
504 3362 715 3429 pace,auctore
728 3359 891 3413 secundum
904 3359 989 3414 catal.
1005 3361 1067 3414 Vet.
1085 3359 1209 3414 liicardo
1224 3359 1260 3414 de
1276 3359 1410 3430 Uslrnley.

222 3445 267 3501 161.
285 3450 345 3503 168.
793 3487 796 3492 -

271 3540 312 3590 16.
334 3536 490 3591 Sermones
505 3535 554 3589 alii
569 3535 604 3590 de
621 3535 754 3590 diversis.
772 3534 822 3589 fol.
840 3539 900 3590 110.

271 3627 313 3678 ti.
335 3625 402 3679 Loci
435 3640 608 3679 communes
643 3622 803 3696 theologici
832 3640 867 3678 61
895 3625 1012 3696 scriptis
1038 3625 1130 3680 566611
1159 3625 1323 3697 Augustini,
1353 3632 1409 3680 etc.

222 3710 265 3766 161.
281 3715 341 3768 181.

271 3805 313 3856 18.
334 3803 376 3857 De
394 3801 484 3857 sacris
505 3801 587 3868 locis,
609 3800 802 3872 temporibus,
819 3801 907 3857 rebus
922 3809 951 3856 et
972 3803 1105 3873 personis
1128 3807 1281 3867 tractatus,
1302 3802 1332 3856 in
1353 3817 1411 3873 quo

226 3888 256 3943 dc
270 3890 393 3946 introitu
408 3891 515 3956 1615516,
530 3890 565 3945 de
581 3889 685 3944 diebus
697 3889 791 3955 iestis,
807 3897 863 3944 616.
880 3889 929 3945 iol¹
948 3894 1008 3946 191.

288 3983 314 4034 9.
335 3979 416 4035 Petri
436 3979 1125 4051 81655665156661666116165666116116116116
1146 3980 1182 4034 ad
1206 3979 1365 4034 Henricum
1388 3978 1411 4032 ll

268 4067 352 4123 sola.
369 4067 524 4124 16110611.

272 4159 313 4211 20.
335 4157 481 4227 Anonymi
497 4156 641 4227 expositio
656 4157 818 4211 summaria
827 4156 905 4226 juris
920 4156 1023 4211 civilis.
1042 4155 1090 4210 161.
1106 4161 1166 4211 ato,

266 4353 298 4412 [1)
319 4351 463 4414 0616169116
475 4351 592 4400 codicum
605 4364 665 4399 6111.
679 4351 725 4415 qui
739 4350 766 4398 in
779 4349 1026 4414 collegiisaulisque
1037 4348 1226 4400 oxoniensibus
1238 4346 1410 4397 1661166666·-

231 4436 321 4481 vantur.
338 4430 603 4480 06616611116611665
619 4428 650 4478 0.
665 4429 733 4478 Coxc
746 4428 913 4479 bibliothecas
931 4429 1083 4479 Bodleianae
1098 4427 1409 4491 hypo-bibliothecarius.

231 4503 321 4570 016611,
337 4528 350 4560 6
369 4512 550 4575 typographeo
565 4511 735 4568 Academico,
754 4524 884 4560 11666616.
898 4510 996 4574 (Voyez
1014 4509 1082 4558 Pars
1097 4510 1116 4567 l,
1131 4507 1275 4572 6616166116
1291 4507 1410 4558 codicum

228 4596 279 4639 mes.
296 4591 406 4657 Collepii
418 4591 599 4651 Mertoaemis,
612 4606 657 4656 pp.
667 4592 698 4642 96
711 4601 737 4642 61
751 4592 801 4654 91.)
