3270 5626
214 486 260 536 ⁴26
550 479 756 530 JOHANNIS
784 479 835 530 DE
862 477 1083 530 sonarum

187 672 192 685 ι
215 627 316 696 ΝοΙο.
334 625 397 692 Cui
413 623 543 692 Catus:
567 623 732 691 Fidenter
751 621 944 713 promisisti
965 620 1067 689 mihi.
1086 620 1129 688 Et
1147 618 1228 690 blus
1246 640 1255 686 ε
1276 619 1345 700 Sic,
1361 620 1408 687 sed

216 743 253 810 in
270 741 439 810 ebrietate
455 738 520 828 fui(
540 740 563 828 ).

283 856 339 925 Sic
353 856 482 946 plures,
494 876 576 922 cum
587 854 813 923 infirmantur
821 854 877 922 rel
889 854 979 921 alico
989 853 1063 943 (sic)
1071 851 1176 921 modo
1189 850 1409 925 tribulantur.

217 973 441 1063 promittunt,
458 976 589 1038 vouent
609 970 781 1052 ieiunare,
798 970 1015 1061 peregrinari
1034 975 1069 1038 et
1082 969 1195 1070 vitani
1215 967 1410 1042 emendare:

217 1088 290 1172 sed,
309 1092 466 1155 cessante
487 1108 604 1169 eausa,
622 1091 735 1153 cessat
754 1086 898 1154 effectus
917 1085 1175 1175 promissorum
1195 1088 1232 1152 ct
1247 1090 1409 1152 votorum.

467 1355 575 1410 XXIV.
606 1384 641 1393 —
670 1353 887 1425 [COLUMBAE
915 1353 964 1408 ΕΤ
988 1352 1170 1423 reulus]

504 1537 558 1594 De
578 1534 765 1595 iudicibus
788 1535 826 1594 ct
847 1547 975 1594 corum
996 1534 1130 1593 emoto.

285 1716 452 1785 Columbe
477 1724 669 1809 conqueste
698 1723 781 1785 sunt
802 1717 941 1808 Aquilo,
964 1717 1038 1808 regi
1060 1739 1138 1800 suo,
1164 1716 1209 1785 dc
1233 1716 1412 1806 Accipitre,

220 1832 314 1923 quod
334 1833 538 1924 frequenter
557 1841 698 1923 raperet
718 1833 830 1901 socias
850 1855 972 1900 earum
993 1839 1028 1901 et
1045 1831 1259 1901 comederet.
1281 1832 1412 1923 Aquila,

218 1947 337 2016 audita
363 1948 519 2039 querela,
539 1950 642 2039 quasi
662 1948 817 2016 multum
840 1949 942 2029 irata,
966 1948 1084 2017 leuato
1108 1955 1224 2016 rostro
1246 1947 1337 2016 dixit
1355 1948 1414 2015 alta

217 2085 303 2132 voce
322 2085 329 2132 :
347 2064 438 2132 Clac.
457 2063 532 2145 Quo
551 2063 682 2146 audito,
699 2063 868 2133 Columbo
879 2065 1019 2155 grauise
1035 2070 1128 2147 sunt,
1141 2062 1303 2132 dicentes
1317 2085 1325 2132 :
1339 2063 1413 2131 Ecce

218 2179 369 2270 qualiter
383 2179 593 2248 terribiliter
612 2180 787 2263 insonuit;
809 2186 902 2248 certe
924 2178 1052 2248 bonam
1072 2179 1177 2247 faciet
1197 2178 1303 2247 nobis
1323 2180 1414 2247 iusti·

219 2295 323 2363 ciam.
348 2295 469 2364 Altera
495 2295 552 2364 dic
576 2297 693 2386 rapuit
716 2295 891 2385 Accipiter
916 2294 1123 2363 Columbam
1147 2302 1181 2362 et
1202 2294 1367 2377 comedit,
1386 2300 1413 2362 ct

218 2411 346 2479 iterum
363 2411 669 2502 conquerebantur
680 2411 820 2502 Aquile,
838 2417 872 2479 et
888 2409 1077 2479 andierunt
1092 2411 1224 2479 iterum
1247 2432 1255 2480 :
1272 2411 1364 2479 Clac.
1380 2409 1411 2477 Et

217 2527 268 2595 sio
284 2529 406 2611 toreio,
424 2534 458 2594 et
473 2526 564 2593 nibil
584 2527 671 2595 alias
691 2534 898 2615 receperunt
913 2526 1059 2594 emende
1081 2525 1171 2617 (sic).

283 2643 340 2712 Sic
360 2649 412 2711 est
425 2642 467 2711 de
484 2641 662 2711 iudicibus
677 2641 870 2725 modernis,
892 2643 953 2733 qui
973 2664 1112 2731 semper
1128 2640 1256 2711 dicunt
1270 2664 1409 2733 conque·

217 2757 377 2826 rentibus
397 2759 548 2849 optimas
569 2780 693 2826 causas
712 2780 778 2825 nec
797 2779 957 2848 unquam
978 2756 1128 2825 reddunt
1146 2756 1292 2841 iudicia,
1310 2758 1407 2826 doner

217 2874 375 2962 parcium
391 2874 601 2942 exhauriant
615 2875 808 2962 marsupia.

478 3144 563 3198 XXt'.
595 3174 628 3183 -
657 3143 827 3214 [conitus
856 3143 904 3197 ET
929 3141 1147 3210 COLUMBA.}

398 3326 449 3382 De
471 3324 660 3394 impietate
683 3325 909 3382 dominorum
932 3326 970 3382 et
991 3324 1228 3381 balltuorum.

284 3508 418 3574 Coruus
436 3508 551 3595 rapuit
566 3506 701 3596 pullum
711 3506 892 3574 Columbe.
907 3505 981 3586 Quo
995 3505 1129 3579 audito,
1142 3507 1241 3573 venit
1255 3505 1407 3573 Columba

218 3622 261 3689 ad
277 3623 400 3690 nidum
418 3623 535 3705 Corui,
554 3624 755 3713 supplicans
770 3628 807 3689 vt
826 3622 892 3690 sibi
910 3621 1113 3689 redderetur
1129 3621 1250 3710 pullus
1271 3643 1369 3690 suus:
1383 3624 1408 3685 el

218 3739 267 3804 ait
280 3739 412 3806 Coruus
431 3761 438 3808 :
458 3739 580 3806 Scisnc
599 3741 762 3806 cantare?
781 3738 843 3805 Cui
865 3737 1058 3804 Columba:
1081 3738 1172 3804 Scio.
1197 3738 1239 3804 Et
1261 3739 1407 3805 Coruus:

218 3855 326 3921 Canta
347 3856 466 3944 igitur,
491 3856 519 3920 si
545 3855 599 3920 vis
625 3853 754 3921 habere
782 3854 918 3944 pullum
937 3860 1049 3920 tuum.
1074 3853 1262 3931 Columba,
1291 3876 1332 3921 ex
1359 3853 1409 3919 lroe

219 3970 396 4059 iltllarata‚
415 3972 582 4038 cantauit.
603 3970 665 4037 Cui
685 3970 818 4037 Cornus
837 3992 843 4037 :
866 3969 941 4035 Non
959 3970 1069 4057 placet
1086 3968 1174 4035 mibi
1192 3977 1322 4036 cantus
1338 3971 1409 4040 iste',

219 4092 320 4155 canta
330 4087 468 4153 melius
480 4086 649 4153 Columba
663 4087 792 4153 iterum
804 4085 924 4152 alciori
935 4108 1018 4152 voce
1030 4085 1184 4151 cantauit
1194 4092 1304 4174 prout.
1315 4085 1411 4151 alcius

219 4202 347 4290 potuit,
367 4208 401 4268 et
420 4201 505 4268 dixit
531 4204 691 4270 Coruus:
714 4201 813 4267 Certe
834 4224 898 4267 nec
918 4200 1031 4268 adhue
1052 4201 1164 4289 placet
1184 4200 1275 4266 nribi
1302 4206 1410 4268 cantus

218 4323 312 4384 tune.
333 4318 374 4384 Et
386 4317 554 4385 Columba
571 4339 577 4384 :
594 4318 692 4385 Certe
708 4318 835 4384 melius
847 4323 986 4383 cantare
1003 4339 1067 4383 nec
1083 4317 1166 4383 noni
1183 4338 1247 4383 nec
1265 4336 1408 4405 possum.

220 4433 261 4499 Et
276 4434 409 4501 Cornus
427 4456 434 4502 :
457 4434 526 4501 Nec
543 4433 670 4500 habere
682 4434 812 4521 potoris
828 4433 965 4520 pullum
982 4438 1094 4499 turrnr.
1115 4432 1154 4498 Et
1171 4432 1222 4499 sic
1239 4429 1409 4500 deuorauil

219 4570 299 4615 eum
316 4573 395 4617 cunr
417 4551 525 4639 impia
541 4552 690 4639 coniuge
705 4573 779 4617 sua.
