<?xml version="1.0" encoding="UTF-8"?>
<!DOCTYPE html PUBLIC "-//W3C//DTD XHTML 1.0 Transitional//EN"
    "http://www.w3.org/TR/xhtml1/DTD/xhtml1-transitional.dtd">
<html xmlns="http://www.w3.org/1999/xhtml" xml:lang="en" lang="en">
 <head>
  <title>
</title>
<meta http-equiv="Content-Type" content="text/html;charset=utf-8" />
  <meta name='ocr-system' content='tesseract 3.04.00' />
  <meta name='ocr-capabilities' content='ocr_page ocr_carea ocr_par ocr_line ocrx_word'/>
</head>
<body>
  <div class='ocr_page' id='page_1' title='image "./lesfabulistesla00hervgoog_0393.png"; bbox 0 0 3270 5626; ppageno 0'>
   <div class='ocr_carea' id='block_1_1' title="bbox 622 497 1423 551">
    <p class='ocr_par' dir='ltr' id='par_1_1' title="bbox 622 497 1423 551">
     <span class='ocr_line' id='line_1_1' title="bbox 622 497 1423 551; baseline 0.002 -2"><span class='ocrx_word' id='word_1_1' title='bbox 622 497 859 550; x_wconf 75' lang='lat' dir='ltr'><strong>connncrlo</strong></span> <span class='ocrx_word' id='word_1_2' title='bbox 884 498 1025 551; x_wconf 73' lang='lat' dir='ltr'><strong>Pallan.</strong></span> <span class='ocrx_word' id='word_1_3' title='bbox 1378 501 1423 551; x_wconf 77' lang='lat'><strong>³81</strong></span> 
     </span>
    </p>
   </div>
   <div class='ocr_carea' id='block_1_2' title="bbox 218 713 1424 879">
    <p class='ocr_par' dir='ltr' id='par_1_2' title="bbox 218 713 1424 879">
     <span class='ocr_line' id='line_1_2' title="bbox 218 713 1424 788; baseline 0 -15"><span class='ocrx_word' id='word_1_4' title='bbox 218 716 314 773; x_wconf 87' lang='lat' dir='ltr'><strong>lllllV</strong></span> <span class='ocrx_word' id='word_1_5' title='bbox 335 713 469 788; x_wconf 80' lang='lat' dir='ltr'>(LVIII).</span> <span class='ocrx_word' id='word_1_6' title='bbox 485 715 586 770; x_wconf 86' lang='lat' dir='ltr'><strong>-DE</strong></span> <span class='ocrx_word' id='word_1_7' title='bbox 605 713 764 771; x_wconf 84' lang='lat' dir='ltr'><strong>DUOBUS</strong></span> <span class='ocrx_word' id='word_1_8' title='bbox 784 714 1066 771; x_wconf 85' lang='lat' dir='ltr'>SERPENTIBUS</span> <span class='ocrx_word' id='word_1_9' title='bbox 1086 715 1424 773; x_wconf 77' lang='lat' dir='ltr'>DEBELLANTIBUS</span> 
     </span>
     <span class='ocr_line' id='line_1_3' title="bbox 346 810 1294 879; baseline 0.001 -11"><span class='ocrx_word' id='word_1_10' title='bbox 346 813 396 868; x_wconf 80' lang='lat' dir='ltr'><strong>ET</strong></span> <span class='ocrx_word' id='word_1_11' title='bbox 421 811 590 879; x_wconf 73' lang='lat' dir='ltr'><strong>QUODAM</strong></span> <span class='ocrx_word' id='word_1_12' title='bbox 615 811 757 868; x_wconf 84' lang='lat' dir='ltr'><strong>lIlLITE</strong></span> <span class='ocrx_word' id='word_1_13' title='bbox 781 811 852 867; x_wconf 85' lang='lat' dir='ltr'><strong>VNI</strong></span> <span class='ocrx_word' id='word_1_14' title='bbox 878 810 1018 868; x_wconf 78' lang='lat' dir='ltr'>EORUII</span> <span class='ocrx_word' id='word_1_15' title='bbox 1044 812 1294 869; x_wconf 78' lang='lat' dir='ltr'>ADIUUAN&#39;I‘E.</span> 
     </span>
    </p>
   </div>
   <div class='ocr_carea' id='block_1_3' title="bbox 216 987 1425 2352">
    <p class='ocr_par' dir='ltr' id='par_1_3' title="bbox 216 987 1425 2352">
     <span class='ocr_line' id='line_1_4' title="bbox 281 987 1425 1082; baseline 0 -23"><span class='ocrx_word' id='word_1_16' title='bbox 281 989 422 1060; x_wconf 80' lang='lat' dir='ltr'><strong>Accidit</strong></span> <span class='ocrx_word' id='word_1_17' title='bbox 433 989 528 1082; x_wconf 90' lang='lat' dir='ltr'><strong>quod</strong></span> <span class='ocrx_word' id='word_1_18' title='bbox 542 988 688 1080; x_wconf 89' lang='lat' dir='ltr'><strong>quidam</strong></span> <span class='ocrx_word' id='word_1_19' title='bbox 701 987 814 1074; x_wconf 87' lang='lat' dir='ltr'><strong>miles,</strong></span> <span class='ocrx_word' id='word_1_20' title='bbox 827 1011 889 1080; x_wconf 93' lang='lat' dir='ltr'><strong>per</strong></span> <span class='ocrx_word' id='word_1_21' title='bbox 902 989 1031 1057; x_wconf 90' lang='lat' dir='ltr'><strong>siluam</strong></span> <span class='ocrx_word' id='word_1_22' title='bbox 1047 991 1221 1080; x_wconf 72' lang='lat' dir='ltr'><strong>equitans,</strong></span> <span class='ocrx_word' id='word_1_23' title='bbox 1233 990 1324 1060; x_wconf 85' lang='lat' dir='ltr'><strong>vidit</strong></span> <span class='ocrx_word' id='word_1_24' title='bbox 1337 990 1425 1060; x_wconf 91' lang='lat' dir='ltr'><strong>duos</strong></span> 
     </span>
     <span class='ocr_line' id='line_1_5' title="bbox 216 1103 1424 1198; baseline -0.001 -21"><span class='ocrx_word' id='word_1_25' title='bbox 216 1111 396 1198; x_wconf 76' lang='lat' dir='ltr'><strong>serpentes</strong></span> <span class='ocrx_word' id='word_1_26' title='bbox 414 1104 616 1174; x_wconf 85' lang='lat' dir='ltr'><strong>adinuicem</strong></span> <span class='ocrx_word' id='word_1_27' title='bbox 629 1103 856 1188; x_wconf 77' lang='lat' dir='ltr'><strong>debellantes,</strong></span> <span class='ocrx_word' id='word_1_28' title='bbox 873 1126 1025 1196; x_wconf 87' lang='lat' dir='ltr'><strong>quorum</strong></span> <span class='ocrx_word' id='word_1_29' title='bbox 1042 1128 1146 1190; x_wconf 87' lang='lat' dir='ltr'><strong>vnus,</strong></span> <span class='ocrx_word' id='word_1_30' title='bbox 1164 1105 1207 1175; x_wconf 88' lang='lat' dir='ltr'><strong>ab</strong></span> <span class='ocrx_word' id='word_1_31' title='bbox 1226 1107 1337 1176; x_wconf 89' lang='lat' dir='ltr'><strong>altero</strong></span> <span class='ocrx_word' id='word_1_32' title='bbox 1351 1108 1424 1176; x_wconf 88' lang='lat' dir='ltr'><strong>fere</strong></span> 
     </span>
     <span class='ocr_line' id='line_1_6' title="bbox 217 1219 1425 1314; baseline -0.001 -22"><span class='ocrx_word' id='word_1_33' title='bbox 217 1229 413 1314; x_wconf 87' lang='lat' dir='ltr'><strong>superatus,</strong></span> <span class='ocrx_word' id='word_1_34' title='bbox 429 1221 599 1290; x_wconf 89' lang='lat' dir='ltr'><strong>clamauit</strong></span> <span class='ocrx_word' id='word_1_35' title='bbox 612 1219 656 1288; x_wconf 87' lang='lat' dir='ltr'><strong>ad</strong></span> <span class='ocrx_word' id='word_1_36' title='bbox 677 1220 828 1289; x_wconf 92' lang='lat' dir='ltr'><strong>militem</strong></span> <span class='ocrx_word' id='word_1_37' title='bbox 843 1219 981 1289; x_wconf 87' lang='lat' dir='ltr'><strong>dicens:</strong></span> <span class='ocrx_word' id='word_1_38' title='bbox 996 1220 1024 1289; x_wconf 91' lang='lat'>0</span> <span class='ocrx_word' id='word_1_39' title='bbox 1039 1221 1143 1290; x_wconf 92' lang='lat' dir='ltr'><strong>miles</strong></span> <span class='ocrx_word' id='word_1_40' title='bbox 1157 1222 1193 1290; x_wconf 91' lang='lat' dir='ltr'><strong>in</strong></span> <span class='ocrx_word' id='word_1_41' title='bbox 1209 1223 1316 1291; x_wconf 90' lang='lat' dir='ltr'><strong>armis</strong></span> <span class='ocrx_word' id='word_1_42' title='bbox 1336 1229 1425 1292; x_wconf 89' lang='lat' dir='ltr'><strong>stre·</strong></span> 
     </span>
     <span class='ocr_line' id='line_1_7' title="bbox 216 1335 1425 1429; baseline 0 -21"><span class='ocrx_word' id='word_1_43' title='bbox 216 1361 324 1422; x_wconf 88' lang='lat' dir='ltr'><strong>nuus,</strong></span> <span class='ocrx_word' id='word_1_44' title='bbox 340 1338 402 1429; x_wconf 91' lang='lat' dir='ltr'><strong>qui</strong></span> <span class='ocrx_word' id='word_1_45' title='bbox 417 1359 474 1405; x_wconf 92' lang='lat' dir='ltr'><strong>me</strong></span> <span class='ocrx_word' id='word_1_46' title='bbox 494 1338 532 1405; x_wconf 93' lang='lat' dir='ltr'><strong>in</strong></span> <span class='ocrx_word' id='word_1_47' title='bbox 550 1335 643 1405; x_wconf 88' lang='lat' dir='ltr'><strong>bello</strong></span> <span class='ocrx_word' id='word_1_48' title='bbox 656 1337 723 1404; x_wconf 90' lang='lat' dir='ltr'><strong>isto</strong></span> <span class='ocrx_word' id='word_1_49' title='bbox 739 1335 837 1404; x_wconf 86' lang='lat' dir='ltr'><strong>vides</strong></span> <span class='ocrx_word' id='word_1_50' title='bbox 857 1337 895 1404; x_wconf 95' lang='lat' dir='ltr'><strong>in</strong></span> <span class='ocrx_word' id='word_1_51' title='bbox 910 1337 1058 1405; x_wconf 91' lang='lat' dir='ltr'><strong>articulo</strong></span> <span class='ocrx_word' id='word_1_52' title='bbox 1078 1339 1203 1405; x_wconf 91' lang='lat' dir='ltr'><strong>mortis</strong></span> <span class='ocrx_word' id='word_1_53' title='bbox 1215 1340 1369 1428; x_wconf 89' lang='lat' dir='ltr'><strong>positum</strong></span> <span class='ocrx_word' id='word_1_54' title='bbox 1389 1346 1425 1408; x_wconf 93' lang='lat' dir='ltr'><strong>et</strong></span> 
     </span>
     <span class='ocr_line' id='line_1_8' title="bbox 216 1451 1422 1543; baseline -0.001 -19"><span class='ocrx_word' id='word_1_55' title='bbox 216 1477 272 1524; x_wconf 93' lang='lat' dir='ltr'><strong>me</strong></span> <span class='ocrx_word' id='word_1_56' title='bbox 287 1455 412 1523; x_wconf 87' lang='lat' dir='ltr'><strong>iuuare</strong></span> <span class='ocrx_word' id='word_1_57' title='bbox 425 1475 497 1521; x_wconf 91' lang='lat' dir='ltr'><strong>non</strong></span> <span class='ocrx_word' id='word_1_58' title='bbox 510 1474 624 1536; x_wconf 91' lang='lat' dir='ltr'><strong>curas,</strong></span> <span class='ocrx_word' id='word_1_59' title='bbox 634 1451 806 1521; x_wconf 83' lang='lat' dir='ltr'><strong>descende</strong></span> <span class='ocrx_word' id='word_1_60' title='bbox 817 1473 899 1543; x_wconf 86' lang='lat' dir='ltr'><strong>ergo</strong></span> <span class='ocrx_word' id='word_1_61' title='bbox 911 1458 948 1520; x_wconf 91' lang='lat' dir='ltr'><strong>vt</strong></span> <span class='ocrx_word' id='word_1_62' title='bbox 962 1452 1079 1521; x_wconf 86' lang='lat' dir='ltr'><strong>salnes</strong></span> <span class='ocrx_word' id='word_1_63' title='bbox 1094 1476 1163 1537; x_wconf 90' lang='lat' dir='ltr'><strong>me,</strong></span> <span class='ocrx_word' id='word_1_64' title='bbox 1174 1460 1209 1522; x_wconf 90' lang='lat' dir='ltr'><strong>et</strong></span> <span class='ocrx_word' id='word_1_65' title='bbox 1218 1453 1284 1523; x_wconf 89' lang='lat' dir='ltr'><strong>tibi</strong></span> <span class='ocrx_word' id='word_1_66' title='bbox 1295 1453 1422 1523; x_wconf 85' lang='lat' dir='ltr'><strong>exinde</strong></span> 
     </span>
     <span class='ocr_line' id='line_1_9' title="bbox 216 1566 1424 1658; baseline -0.001 -18"><span class='ocrx_word' id='word_1_67' title='bbox 216 1569 361 1640; x_wconf 84' lang='lat' dir='ltr'><strong>reddam</strong></span> <span class='ocrx_word' id='word_1_68' title='bbox 375 1567 586 1637; x_wconf 76' lang='lat' dir='ltr'><strong>mercedem.</strong></span> <span class='ocrx_word' id='word_1_69' title='bbox 600 1566 891 1658; x_wconf 89' lang='lat' dir='ltr'><strong>Descendensque</strong></span> <span class='ocrx_word' id='word_1_70' title='bbox 902 1567 1005 1635; x_wconf 91' lang='lat' dir='ltr'><strong>miles</strong></span> <span class='ocrx_word' id='word_1_71' title='bbox 1016 1567 1173 1637; x_wconf 89' lang='lat' dir='ltr'><strong>lanceam</strong></span> <span class='ocrx_word' id='word_1_72' title='bbox 1189 1592 1290 1638; x_wconf 89' lang='lat' dir='ltr'><strong>suam</strong></span> <span class='ocrx_word' id='word_1_73' title='bbox 1305 1569 1424 1639; x_wconf 83' lang='lat' dir='ltr'><strong>infixit</strong></span> 
     </span>
     <span class='ocr_line' id='line_1_10' title="bbox 217 1681 1423 1776; baseline 0.001 -23"><span class='ocrx_word' id='word_1_74' title='bbox 217 1686 310 1755; x_wconf 89' lang='lat' dir='ltr'><strong>inter</strong></span> <span class='ocrx_word' id='word_1_75' title='bbox 328 1684 528 1776; x_wconf 87' lang='lat' dir='ltr'><strong>Serpentes,</strong></span> <span class='ocrx_word' id='word_1_76' title='bbox 546 1705 607 1752; x_wconf 90' lang='lat' dir='ltr'><strong>eos</strong></span> <span class='ocrx_word' id='word_1_77' title='bbox 626 1684 677 1752; x_wconf 90' lang='lat' dir='ltr'><strong>sic</strong></span> <span class='ocrx_word' id='word_1_78' title='bbox 696 1681 904 1773; x_wconf 85' lang='lat' dir='ltr'><strong>separando,</strong></span> <span class='ocrx_word' id='word_1_79' title='bbox 925 1685 1158 1774; x_wconf 89' lang='lat' dir='ltr'><strong>potentiorem</strong></span> <span class='ocrx_word' id='word_1_80' title='bbox 1178 1685 1365 1776; x_wconf 82' lang='lat' dir='ltr'><strong>effugando</strong></span> <span class='ocrx_word' id='word_1_81' title='bbox 1388 1693 1423 1754; x_wconf 90' lang='lat' dir='ltr'><strong>et</strong></span> 
     </span>
     <span class='ocr_line' id='line_1_11' title="bbox 216 1797 1423 1894; baseline 0 -23"><span class='ocrx_word' id='word_1_82' title='bbox 216 1802 435 1894; x_wconf 74' lang='lat' dir='ltr'><strong>inpotentem</strong></span> <span class='ocrx_word' id='word_1_83' title='bbox 450 1797 725 1890; x_wconf 71' lang='lat' dir='ltr'><strong>deflslendendo.</strong></span> <span class='ocrx_word' id='word_1_84' title='bbox 740 1798 817 1880; x_wconf 83' lang='lat' dir='ltr'><strong>Quo</strong></span> <span class='ocrx_word' id='word_1_85' title='bbox 831 1799 935 1882; x_wconf 87' lang='lat' dir='ltr'><strong>facto,</strong></span> <span class='ocrx_word' id='word_1_86' title='bbox 950 1797 1102 1891; x_wconf 87' lang='lat' dir='ltr'><strong>Serpens</strong></span> <span class='ocrx_word' id='word_1_87' title='bbox 1116 1799 1190 1884; x_wconf 90' lang='lat' dir='ltr'><strong>ille,</strong></span> <span class='ocrx_word' id='word_1_88' title='bbox 1207 1824 1315 1892; x_wconf 90' lang='lat' dir='ltr'><strong>quem</strong></span> <span class='ocrx_word' id='word_1_89' title='bbox 1330 1825 1351 1871; x_wconf 90' lang='lat' dir='ltr'><strong>a</strong></span> <span class='ocrx_word' id='word_1_90' title='bbox 1366 1825 1423 1892; x_wconf 93' lang='lat' dir='ltr'><strong>pe-</strong></span> 
     </span>
     <span class='ocr_line' id='line_1_12' title="bbox 218 1913 1425 2008; baseline 0 -22"><span class='ocrx_word' id='word_1_91' title='bbox 218 1916 333 1987; x_wconf 91' lang='lat' dir='ltr'><strong>riculo</strong></span> <span class='ocrx_word' id='word_1_92' title='bbox 347 1916 473 1984; x_wconf 88' lang='lat' dir='ltr'><strong>mortis</strong></span> <span class='ocrx_word' id='word_1_93' title='bbox 489 1914 712 1997; x_wconf 88' lang='lat' dir='ltr'><strong>liberauerat,</strong></span> <span class='ocrx_word' id='word_1_94' title='bbox 731 1936 794 2004; x_wconf 91' lang='lat' dir='ltr'><strong>per</strong></span> <span class='ocrx_word' id='word_1_95' title='bbox 807 1913 966 1983; x_wconf 79' lang='lat' dir='ltr'><strong>lanceam</strong></span> <span class='ocrx_word' id='word_1_96' title='bbox 982 1915 1107 1983; x_wconf 88' lang='lat' dir='ltr'><strong>militis</strong></span> <span class='ocrx_word' id='word_1_97' title='bbox 1126 1916 1297 1986; x_wconf 87' lang='lat' dir='ltr'><strong>scandens</strong></span> <span class='ocrx_word' id='word_1_98' title='bbox 1312 1919 1425 2008; x_wconf 89' lang='lat' dir='ltr'><strong>impe·</strong></span> 
     </span>
     <span class='ocr_line' id='line_1_13' title="bbox 217 2029 1424 2124; baseline 0 -23"><span class='ocrx_word' id='word_1_99' title='bbox 217 2039 317 2102; x_wconf 91' lang='lat' dir='ltr'><strong>tnose</strong></span> <span class='ocrx_word' id='word_1_100' title='bbox 335 2053 447 2124; x_wconf 80' lang='lat' dir='ltr'><strong>usque</strong></span> <span class='ocrx_word' id='word_1_101' title='bbox 470 2029 514 2099; x_wconf 89' lang='lat' dir='ltr'><strong>ad</strong></span> <span class='ocrx_word' id='word_1_102' title='bbox 543 2029 715 2120; x_wconf 89' lang='lat' dir='ltr'><strong>scapulos,</strong></span> <span class='ocrx_word' id='word_1_103' title='bbox 742 2029 867 2097; x_wconf 88' lang='lat' dir='ltr'><strong>militis</strong></span> <span class='ocrx_word' id='word_1_104' title='bbox 892 2029 982 2098; x_wconf 88' lang='lat' dir='ltr'><strong>circa</strong></span> <span class='ocrx_word' id='word_1_105' title='bbox 1005 2031 1137 2099; x_wconf 90' lang='lat' dir='ltr'><strong>collum</strong></span> <span class='ocrx_word' id='word_1_106' title='bbox 1161 2053 1197 2099; x_wconf 91' lang='lat' dir='ltr'><strong>se</strong></span> <span class='ocrx_word' id='word_1_107' title='bbox 1213 2033 1424 2101; x_wconf 91' lang='lat' dir='ltr'><strong>circumuol-</strong></span> 
     </span>
     <span class='ocr_line' id='line_1_14' title="bbox 217 2145 1423 2239; baseline -0.001 -21"><span class='ocrx_word' id='word_1_108' title='bbox 217 2171 319 2231; x_wconf 87' lang='lat' dir='ltr'><strong>uens,</strong></span> <span class='ocrx_word' id='word_1_109' title='bbox 343 2147 519 2215; x_wconf 86' lang='lat' dir='ltr'><strong>violenter</strong></span> <span class='ocrx_word' id='word_1_110' title='bbox 539 2146 704 2214; x_wconf 84' lang='lat' dir='ltr'><strong>infestare</strong></span> <span class='ocrx_word' id='word_1_111' title='bbox 725 2146 921 2236; x_wconf 86' lang='lat' dir='ltr'><strong>temptauit,</strong></span> <span class='ocrx_word' id='word_1_112' title='bbox 939 2145 1087 2215; x_wconf 88' lang='lat' dir='ltr'><strong>firmiter</strong></span> <span class='ocrx_word' id='word_1_113' title='bbox 1104 2147 1343 2239; x_wconf 88' lang='lat' dir='ltr'><strong>astringendo.</strong></span> <span class='ocrx_word' id='word_1_114' title='bbox 1359 2149 1423 2217; x_wconf 86' lang='lat' dir='ltr'><strong>Cui</strong></span> 
     </span>
     <span class='ocr_line' id='line_1_15' title="bbox 219 2260 1425 2352; baseline -0.001 -20"><span class='ocrx_word' id='word_1_115' title='bbox 219 2263 351 2332; x_wconf 88' lang='lat' dir='ltr'><strong>miles:</strong></span> <span class='ocrx_word' id='word_1_116' title='bbox 373 2261 402 2331; x_wconf 93' lang='lat'>0</span> <span class='ocrx_word' id='word_1_117' title='bbox 418 2267 564 2331; x_wconf 87' lang='lat' dir='ltr'><strong>cruenta</strong></span> <span class='ocrx_word' id='word_1_118' title='bbox 584 2260 706 2343; x_wconf 89' lang='lat' dir='ltr'><strong>bestia,</strong></span> <span class='ocrx_word' id='word_1_119' title='bbox 723 2282 788 2329; x_wconf 92' lang='lat' dir='ltr'><strong>cur</strong></span> <span class='ocrx_word' id='word_1_120' title='bbox 805 2260 923 2328; x_wconf 89' lang='lat' dir='ltr'><strong>taliter</strong></span> <span class='ocrx_word' id='word_1_121' title='bbox 937 2283 999 2352; x_wconf 92' lang='lat' dir='ltr'><strong>pro</strong></span> <span class='ocrx_word' id='word_1_122' title='bbox 1020 2284 1098 2330; x_wconf 91' lang='lat' dir='ltr'><strong>meo</strong></span> <span class='ocrx_word' id='word_1_123' title='bbox 1110 2260 1279 2330; x_wconf 85' lang='lat' dir='ltr'><strong>beneficio</strong></span> <span class='ocrx_word' id='word_1_124' title='bbox 1294 2285 1351 2331; x_wconf 92' lang='lat' dir='ltr'><strong>me</strong></span> <span class='ocrx_word' id='word_1_125' title='bbox 1370 2264 1425 2331; x_wconf 95' lang='lat' dir='ltr'><strong>ni-</strong></span> 
     </span>
    </p>
   </div>
   <div class='ocr_carea' id='block_1_4' title="bbox 215 2375 1423 2815">
    <p class='ocr_par' dir='ltr' id='par_1_4' title="bbox 215 2375 1423 2815">
     <span class='ocr_line' id='line_1_16' title="bbox 218 2375 1423 2469; baseline -0.002 -20"><span class='ocrx_word' id='word_1_126' title='bbox 218 2379 303 2449; x_wconf 89' lang='lat' dir='ltr'><strong>teris</strong></span> <span class='ocrx_word' id='word_1_127' title='bbox 327 2376 572 2469; x_wconf 80' lang='lat' dir='ltr'><strong>strangulare?</strong></span> <span class='ocrx_word' id='word_1_128' title='bbox 591 2377 634 2444; x_wconf 86' lang='lat' dir='ltr'><strong>Et</strong></span> <span class='ocrx_word' id='word_1_129' title='bbox 652 2375 805 2466; x_wconf 89' lang='lat' dir='ltr'><strong>Serpens</strong></span> <span class='ocrx_word' id='word_1_130' title='bbox 826 2395 835 2443; x_wconf 76' lang='lat' dir='ltr'><strong>t</strong></span> <span class='ocrx_word' id='word_1_131' title='bbox 856 2375 956 2444; x_wconf 82' lang='lat' dir='ltr'><strong>Certe</strong></span> <span class='ocrx_word' id='word_1_132' title='bbox 979 2375 1122 2445; x_wconf 86' lang='lat' dir='ltr'><strong>reddam</strong></span> <span class='ocrx_word' id='word_1_133' title='bbox 1141 2376 1206 2446; x_wconf 89' lang='lat' dir='ltr'><strong>tibi</strong></span> <span class='ocrx_word' id='word_1_134' title='bbox 1225 2378 1423 2447; x_wconf 89' lang='lat' dir='ltr'><strong>mercedem</strong></span> 
     </span>
     <span class='ocr_line' id='line_1_17' title="bbox 216 2491 1423 2587; baseline 0 -24"><span class='ocrx_word' id='word_1_135' title='bbox 216 2516 279 2587; x_wconf 88' lang='lat' dir='ltr'><strong>per</strong></span> <span class='ocrx_word' id='word_1_136' title='bbox 293 2516 350 2562; x_wconf 89' lang='lat' dir='ltr'><strong>me</strong></span> <span class='ocrx_word' id='word_1_137' title='bbox 366 2493 588 2584; x_wconf 91' lang='lat' dir='ltr'><strong>promissam.</strong></span> <span class='ocrx_word' id='word_1_138' title='bbox 606 2491 702 2559; x_wconf 90' lang='lat' dir='ltr'><strong>Tunc</strong></span> <span class='ocrx_word' id='word_1_139' title='bbox 718 2491 821 2560; x_wconf 89' lang='lat' dir='ltr'><strong>miles</strong></span> <span class='ocrx_word' id='word_1_140' title='bbox 834 2512 842 2560; x_wconf 92' lang='lat'><strong>:</strong></span> <span class='ocrx_word' id='word_1_141' title='bbox 854 2492 1024 2560; x_wconf 87' lang='lat' dir='ltr'><strong>Peruersa</strong></span> <span class='ocrx_word' id='word_1_142' title='bbox 1043 2497 1096 2561; x_wconf 91' lang='lat' dir='ltr'><strong>est</strong></span> <span class='ocrx_word' id='word_1_143' title='bbox 1110 2491 1313 2562; x_wconf 90' lang='lat' dir='ltr'><strong>huiusmodi</strong></span> <span class='ocrx_word' id='word_1_144' title='bbox 1333 2515 1423 2563; x_wconf 91' lang='lat' dir='ltr'><strong>mer-</strong></span> 
     </span>
     <span class='ocr_line' id='line_1_18' title="bbox 215 2605 1423 2701; baseline 0.001 -23"><span class='ocrx_word' id='word_1_145' title='bbox 215 2632 272 2679; x_wconf 85' lang='lat' dir='ltr'><strong>oes</strong></span> <span class='ocrx_word' id='word_1_146' title='bbox 281 2631 291 2677; x_wconf 74' lang='grc' dir='ltr'><em>τ</em></span> <span class='ocrx_word' id='word_1_147' title='bbox 301 2631 367 2701; x_wconf 86' lang='lat' dir='ltr'><strong>ego</strong></span> <span class='ocrx_word' id='word_1_148' title='bbox 380 2615 416 2677; x_wconf 88' lang='lat' dir='ltr'><strong>te</strong></span> <span class='ocrx_word' id='word_1_149' title='bbox 430 2631 451 2677; x_wconf 90' lang='lat' dir='ltr'><strong>a</strong></span> <span class='ocrx_word' id='word_1_150' title='bbox 465 2614 578 2676; x_wconf 90' lang='lat' dir='ltr'><strong>morte</strong></span> <span class='ocrx_word' id='word_1_151' title='bbox 588 2607 751 2689; x_wconf 85' lang='lat' dir='ltr'><strong>liberaui,</strong></span> <span class='ocrx_word' id='word_1_152' title='bbox 775 2616 810 2675; x_wconf 88' lang='lat' dir='ltr'><strong>et</strong></span> <span class='ocrx_word' id='word_1_153' title='bbox 820 2614 859 2675; x_wconf 89' lang='lat' dir='ltr'><strong>tu</strong></span> <span class='ocrx_word' id='word_1_154' title='bbox 869 2613 1012 2675; x_wconf 87' lang='lat' dir='ltr'><strong>econtra</strong></span> <span class='ocrx_word' id='word_1_155' title='bbox 1022 2605 1133 2676; x_wconf 90' lang='lat' dir='ltr'><strong>michi</strong></span> <span class='ocrx_word' id='word_1_156' title='bbox 1145 2615 1295 2677; x_wconf 90' lang='lat' dir='ltr'><strong>mortem</strong></span> <span class='ocrx_word' id='word_1_157' title='bbox 1304 2610 1423 2679; x_wconf 86' lang='lat' dir='ltr'><strong>inten-</strong></span> 
     </span>
     <span class='ocr_line' id='line_1_19' title="bbox 215 2721 1423 2815; baseline -0.002 -21"><span class='ocrx_word' id='word_1_158' title='bbox 215 2732 285 2808; x_wconf 87' lang='lat' dir='ltr'><strong>tas;</strong></span> <span class='ocrx_word' id='word_1_159' title='bbox 303 2730 358 2793; x_wconf 93' lang='lat' dir='ltr'><strong>set</strong></span> <span class='ocrx_word' id='word_1_160' title='bbox 368 2745 454 2815; x_wconf 85' lang='lat' dir='ltr'><strong>rogo</strong></span> <span class='ocrx_word' id='word_1_161' title='bbox 468 2729 503 2792; x_wconf 86' lang='lat' dir='ltr'><strong>te</strong></span> <span class='ocrx_word' id='word_1_162' title='bbox 517 2728 555 2790; x_wconf 89' lang='lat' dir='ltr'><strong>vt</strong></span> <span class='ocrx_word' id='word_1_163' title='bbox 569 2721 726 2791; x_wconf 86' lang='lat' dir='ltr'><strong>discedas</strong></span> <span class='ocrx_word' id='word_1_164' title='bbox 742 2745 763 2791; x_wconf 91' lang='lat' dir='ltr'><strong>a</strong></span> <span class='ocrx_word' id='word_1_165' title='bbox 777 2744 847 2805; x_wconf 81' lang='lat' dir='ltr'><strong>me,</strong></span> <span class='ocrx_word' id='word_1_166' title='bbox 864 2728 899 2790; x_wconf 89' lang='lat' dir='ltr'><strong>et</strong></span> <span class='ocrx_word' id='word_1_167' title='bbox 913 2721 1009 2790; x_wconf 92' lang='lat' dir='ltr'><strong>aliud</strong></span> <span class='ocrx_word' id='word_1_168' title='bbox 1024 2745 1097 2790; x_wconf 94' lang='lat' dir='ltr'><strong>non</strong></span> <span class='ocrx_word' id='word_1_169' title='bbox 1111 2745 1221 2814; x_wconf 91' lang='lat' dir='ltr'><strong>quero</strong></span> <span class='ocrx_word' id='word_1_170' title='bbox 1236 2746 1256 2792; x_wconf 93' lang='lat' dir='ltr'><strong>a</strong></span> <span class='ocrx_word' id='word_1_171' title='bbox 1271 2732 1304 2793; x_wconf 87' lang='lat' dir='ltr'><strong>te</strong></span> <span class='ocrx_word' id='word_1_172' title='bbox 1317 2726 1423 2793; x_wconf 87' lang='lat' dir='ltr'><strong>meri-</strong></span> 
     </span>
    </p>
   </div>
   <div class='ocr_carea' id='block_1_5' title="bbox 213 2837 1423 4665">
    <p class='ocr_par' dir='ltr' id='par_1_5' title="bbox 213 2837 1423 4665">
     <span class='ocr_line' id='line_1_20' title="bbox 214 2837 1421 2929; baseline -0.002 -18"><span class='ocrx_word' id='word_1_173' title='bbox 214 2840 392 2911; x_wconf 90' lang='lat' dir='ltr'><strong>tum.Non</strong></span> <span class='ocrx_word' id='word_1_174' title='bbox 399 2838 605 2909; x_wconf 87' lang='lat' dir='ltr'><strong>discedama</strong></span> <span class='ocrx_word' id='word_1_175' title='bbox 615 2845 661 2923; x_wconf 88' lang='lat' dir='ltr'><strong>te,</strong></span> <span class='ocrx_word' id='word_1_176' title='bbox 673 2837 797 2929; x_wconf 90' lang='lat' dir='ltr'><strong>inquid</strong></span> <span class='ocrx_word' id='word_1_177' title='bbox 805 2837 972 2928; x_wconf 88' lang='lat' dir='ltr'><strong>Serpens;</strong></span> <span class='ocrx_word' id='word_1_178' title='bbox 983 2844 1047 2921; x_wconf 89' lang='lat' dir='ltr'><strong>set,</strong></span> <span class='ocrx_word' id='word_1_179' title='bbox 1056 2839 1250 2908; x_wconf 89' lang='lat' dir='ltr'><strong>secundum</strong></span> <span class='ocrx_word' id='word_1_180' title='bbox 1258 2847 1421 2909; x_wconf 88' lang='lat' dir='ltr'><strong>naturam</strong></span> 
     </span>
     <span class='ocr_line' id='line_1_21' title="bbox 214 2952 1423 3044; baseline 0 -19"><span class='ocrx_word' id='word_1_181' title='bbox 214 2979 345 3037; x_wconf 87' lang='lat' dir='ltr'><strong>meam,</strong></span> <span class='ocrx_word' id='word_1_182' title='bbox 362 2953 506 3024; x_wconf 90' lang='lat' dir='ltr'><strong>reddam</strong></span> <span class='ocrx_word' id='word_1_183' title='bbox 521 2953 586 3023; x_wconf 91' lang='lat' dir='ltr'><strong>tibi</strong></span> <span class='ocrx_word' id='word_1_184' title='bbox 601 2975 665 3043; x_wconf 94' lang='lat' dir='ltr'><strong>pro</strong></span> <span class='ocrx_word' id='word_1_185' title='bbox 680 2952 770 3021; x_wconf 90' lang='lat' dir='ltr'><strong>bono</strong></span> <span class='ocrx_word' id='word_1_186' title='bbox 785 2952 933 3036; x_wconf 89' lang='lat' dir='ltr'><strong>malurn,</strong></span> <span class='ocrx_word' id='word_1_187' title='bbox 951 2955 1035 3044; x_wconf 92' lang='lat' dir='ltr'><strong>quia</strong></span> <span class='ocrx_word' id='word_1_188' title='bbox 1051 2954 1130 3023; x_wconf 82' lang='lat' dir='ltr'><strong>talis</strong></span> <span class='ocrx_word' id='word_1_189' title='bbox 1145 2961 1197 3024; x_wconf 88' lang='lat' dir='ltr'><strong>est</strong></span> <span class='ocrx_word' id='word_1_190' title='bbox 1212 2957 1283 3024; x_wconf 87' lang='lat' dir='ltr'><strong>iam</strong></span> <span class='ocrx_word' id='word_1_191' title='bbox 1297 2979 1423 3025; x_wconf 89' lang='lat' dir='ltr'><strong>cursus</strong></span> 
     </span>
     <span class='ocr_line' id='line_1_22' title="bbox 214 3067 1423 3161; baseline 0.001 -21"><span class='ocrx_word' id='word_1_192' title='bbox 214 3071 323 3141; x_wconf 86' lang='lat' dir='ltr'><strong>huius</strong></span> <span class='ocrx_word' id='word_1_193' title='bbox 338 3069 481 3153; x_wconf 82' lang='lat' dir='ltr'><strong>mundi3</strong></span> <span class='ocrx_word' id='word_1_194' title='bbox 497 3091 605 3161; x_wconf 89' lang='lat' dir='ltr'><strong>super</strong></span> <span class='ocrx_word' id='word_1_195' title='bbox 618 3067 747 3160; x_wconf 90' lang='lat' dir='ltr'><strong>quibus</strong></span> <span class='ocrx_word' id='word_1_196' title='bbox 763 3068 955 3137; x_wconf 89' lang='lat' dir='ltr'><strong>habeamus</strong></span> <span class='ocrx_word' id='word_1_197' title='bbox 975 3069 1120 3154; x_wconf 87' lang='lat' dir='ltr'><strong>iudices,</strong></span> <span class='ocrx_word' id='word_1_198' title='bbox 1139 3071 1168 3139; x_wconf 92' lang='lat' dir='ltr'><strong>si</strong></span> <span class='ocrx_word' id='word_1_199' title='bbox 1183 3071 1284 3155; x_wconf 83' lang='lat' dir='ltr'><strong>velis,</strong></span> <span class='ocrx_word' id='word_1_200' title='bbox 1300 3071 1423 3141; x_wconf 87' lang='lat' dir='ltr'><strong>videli-</strong></span> 
     </span>
     <span class='ocr_line' id='line_1_23' title="bbox 213 3182 1422 3276; baseline 0.001 -20"><span class='ocrx_word' id='word_1_201' title='bbox 213 3192 269 3256; x_wconf 89' lang='lat' dir='ltr'><strong>cet</strong></span> <span class='ocrx_word' id='word_1_202' title='bbox 280 3193 356 3255; x_wconf 88' lang='lat' dir='ltr'><strong>tres</strong></span> <span class='ocrx_word' id='word_1_203' title='bbox 369 3185 511 3268; x_wconf 87' lang='lat' dir='ltr'><strong>bestias,</strong></span> <span class='ocrx_word' id='word_1_204' title='bbox 523 3185 653 3276; x_wconf 89' lang='lat' dir='ltr'><strong>quibus</strong></span> <span class='ocrx_word' id='word_1_205' title='bbox 669 3184 783 3274; x_wconf 90' lang='lat' dir='ltr'><strong>primo</strong></span> <span class='ocrx_word' id='word_1_206' title='bbox 798 3182 1035 3268; x_wconf 87' lang='lat' dir='ltr'><strong>obuiabimus,</strong></span> <span class='ocrx_word' id='word_1_207' title='bbox 1053 3185 1264 3276; x_wconf 84' lang='lat' dir='ltr'><strong>singillatim</strong></span> <span class='ocrx_word' id='word_1_208' title='bbox 1280 3210 1422 3257; x_wconf 90' lang='lat' dir='ltr'><strong>causam</strong></span> 
     </span>
     <span class='ocr_line' id='line_1_24' title="bbox 213 3300 1419 3392; baseline 0 -21"><span class='ocrx_word' id='word_1_209' title='bbox 213 3303 319 3371; x_wconf 87' lang='lat' dir='ltr'><strong>istam</strong></span> <span class='ocrx_word' id='word_1_210' title='bbox 332 3303 425 3370; x_wconf 89' lang='lat' dir='ltr'><strong>inter</strong></span> <span class='ocrx_word' id='word_1_211' title='bbox 442 3324 508 3370; x_wconf 90' lang='lat' dir='ltr'><strong>nos</strong></span> <span class='ocrx_word' id='word_1_212' title='bbox 523 3300 751 3383; x_wconf 85' lang='lat' dir='ltr'><strong>iudicaturos,</strong></span> <span class='ocrx_word' id='word_1_213' title='bbox 769 3307 941 3369; x_wconf 91' lang='lat' dir='ltr'><strong>eteorum</strong></span> <span class='ocrx_word' id='word_1_214' title='bbox 961 3300 1091 3369; x_wconf 88' lang='lat' dir='ltr'><strong>iudicio</strong></span> <span class='ocrx_word' id='word_1_215' title='bbox 1106 3301 1205 3371; x_wconf 83' lang='lat' dir='ltr'><strong>finali</strong></span> <span class='ocrx_word' id='word_1_216' title='bbox 1221 3325 1419 3392; x_wconf 89' lang='lat' dir='ltr'><strong>pareamus.</strong></span> 
     </span>
     <span class='ocr_line' id='line_1_25' title="bbox 213 3415 1419 3508; baseline 0.002 -22"><span class='ocrx_word' id='word_1_217' title='bbox 213 3418 290 3500; x_wconf 79' lang='lat' dir='ltr'><strong>Quo</strong></span> <span class='ocrx_word' id='word_1_218' title='bbox 301 3424 400 3507; x_wconf 88' lang='lat' dir='ltr'><strong>pacto</strong></span> <span class='ocrx_word' id='word_1_219' title='bbox 415 3416 513 3502; x_wconf 83' lang='lat' dir='ltr'><strong>inito,</strong></span> <span class='ocrx_word' id='word_1_220' title='bbox 525 3415 759 3485; x_wconf 90' lang='lat' dir='ltr'><strong>obuiauerunl</strong></span> <span class='ocrx_word' id='word_1_221' title='bbox 776 3417 891 3505; x_wconf 89' lang='lat' dir='ltr'><strong>primo</strong></span> <span class='ocrx_word' id='word_1_222' title='bbox 904 3415 1044 3485; x_wconf 89' lang='lat' dir='ltr'><strong>cuidam</strong></span> <span class='ocrx_word' id='word_1_223' title='bbox 1060 3416 1170 3508; x_wconf 87' lang='lat' dir='ltr'>Equo,</span> <span class='ocrx_word' id='word_1_224' title='bbox 1184 3419 1313 3488; x_wconf 82' lang='lat' dir='ltr'><strong>staloni</strong></span> <span class='ocrx_word' id='word_1_225' title='bbox 1329 3420 1419 3504; x_wconf 85' lang='lat' dir='ltr'><strong>seni,</strong></span> 
     </span>
     <span class='ocr_line' id='line_1_26' title="bbox 214 3531 1421 3623; baseline 0 -20"><span class='ocrx_word' id='word_1_226' title='bbox 214 3535 272 3603; x_wconf 91' lang='lat' dir='ltr'><strong>cui</strong></span> <span class='ocrx_word' id='word_1_227' title='bbox 287 3532 391 3602; x_wconf 89' lang='lat' dir='ltr'><strong>miles</strong></span> <span class='ocrx_word' id='word_1_228' title='bbox 410 3531 594 3601; x_wconf 90' lang='lat' dir='ltr'><strong>salutando</strong></span> <span class='ocrx_word' id='word_1_229' title='bbox 614 3531 703 3600; x_wconf 85' lang='lat' dir='ltr'><strong>dixit</strong></span> <span class='ocrx_word' id='word_1_230' title='bbox 723 3553 731 3601; x_wconf 92' lang='lat'>:</span> <span class='ocrx_word' id='word_1_231' title='bbox 754 3532 850 3623; x_wconf 87' lang='lat' dir='ltr'><strong>Rogo</strong></span> <span class='ocrx_word' id='word_1_232' title='bbox 868 3536 915 3612; x_wconf 84' lang='lat' dir='ltr'><strong>te,</strong></span> <span class='ocrx_word' id='word_1_233' title='bbox 933 3531 1050 3600; x_wconf 91' lang='lat' dir='ltr'><strong>iudica</strong></span> <span class='ocrx_word' id='word_1_234' title='bbox 1063 3531 1156 3601; x_wconf 90' lang='lat' dir='ltr'><strong>inter</strong></span> <span class='ocrx_word' id='word_1_235' title='bbox 1174 3556 1250 3617; x_wconf 90' lang='lat' dir='ltr'><strong>nos,</strong></span> <span class='ocrx_word' id='word_1_236' title='bbox 1273 3557 1421 3603; x_wconf 88' lang='lat' dir='ltr'><strong>narrans</strong></span> 
     </span>
     <span class='ocr_line' id='line_1_27' title="bbox 213 3647 1421 3741; baseline 0.002 -24"><span class='ocrx_word' id='word_1_237' title='bbox 213 3648 460 3741; x_wconf 89' lang='lat' dir='ltr'><strong>perordinem</strong></span> <span class='ocrx_word' id='word_1_238' title='bbox 489 3648 643 3740; x_wconf 87' lang='lat' dir='ltr'><strong>qualiter</strong></span> <span class='ocrx_word' id='word_1_239' title='bbox 661 3648 793 3715; x_wconf 81' lang='lat' dir='ltr'><strong>laetum</strong></span> <span class='ocrx_word' id='word_1_240' title='bbox 819 3647 945 3715; x_wconf 86' lang='lat' dir='ltr'><strong>fuerat.</strong></span> <span class='ocrx_word' id='word_1_241' title='bbox 973 3648 1026 3732; x_wconf 88' lang='lat' dir='ltr'><strong>Et,</strong></span> <span class='ocrx_word' id='word_1_242' title='bbox 1053 3648 1183 3717; x_wconf 89' lang='lat' dir='ltr'><strong>auditis</strong></span> <span class='ocrx_word' id='word_1_243' title='bbox 1207 3673 1250 3718; x_wconf 85' lang='lat' dir='ltr'><strong>ex</strong></span> <span class='ocrx_word' id='word_1_244' title='bbox 1272 3657 1421 3740; x_wconf 80' lang='lat' dir='ltr'><strong>utraque</strong></span> 
     </span>
     <span class='ocr_line' id='line_1_28' title="bbox 214 3762 1420 3856; baseline 0 -23"><span class='ocrx_word' id='word_1_245' title='bbox 214 3771 313 3856; x_wconf 84' lang='lat' dir='ltr'><strong>parte</strong></span> <span class='ocrx_word' id='word_1_246' title='bbox 335 3762 533 3855; x_wconf 89' lang='lat' dir='ltr'><strong>propositis,</strong></span> <span class='ocrx_word' id='word_1_247' title='bbox 554 3762 644 3831; x_wconf 81' lang='lat' dir='ltr'><strong>dixit</strong></span> <span class='ocrx_word' id='word_1_248' title='bbox 667 3762 827 3830; x_wconf 88' lang='lat' dir='ltr'><strong>stalonus</strong></span> <span class='ocrx_word' id='word_1_249' title='bbox 848 3763 963 3831; x_wconf 91' lang='lat' dir='ltr'><strong>:Vero</strong></span> <span class='ocrx_word' id='word_1_250' title='bbox 983 3765 1223 3853; x_wconf 84' lang='lat' dir='ltr'><strong>experimento</strong></span> <span class='ocrx_word' id='word_1_251' title='bbox 1248 3765 1352 3834; x_wconf 92' lang='lat' dir='ltr'><strong>didici</strong></span> <span class='ocrx_word' id='word_1_252' title='bbox 1382 3767 1420 3833; x_wconf 93' lang='lat' dir='ltr'><strong>in</strong></span> 
     </span>
     <span class='ocr_line' id='line_1_29' title="bbox 213 3877 1420 3969; baseline -0.002 -19"><span class='ocrx_word' id='word_1_253' title='bbox 213 3880 280 3950; x_wconf 87' lang='lat' dir='ltr'><strong>hac</strong></span> <span class='ocrx_word' id='word_1_254' title='bbox 296 3901 401 3949; x_wconf 85' lang='lat' dir='ltr'><strong>causa</strong></span> <span class='ocrx_word' id='word_1_255' title='bbox 414 3879 587 3948; x_wconf 91' lang='lat' dir='ltr'><strong>iudicium</strong></span> <span class='ocrx_word' id='word_1_256' title='bbox 609 3877 704 3947; x_wconf 86' lang='lat' dir='ltr'><strong>dare.</strong></span> <span class='ocrx_word' id='word_1_257' title='bbox 732 3879 835 3945; x_wconf 89' lang='lat' dir='ltr'><strong>Eram</strong></span> <span class='ocrx_word' id='word_1_258' title='bbox 855 3879 951 3946; x_wconf 89' lang='lat' dir='ltr'><strong>enim</strong></span> <span class='ocrx_word' id='word_1_259' title='bbox 974 3879 1011 3947; x_wconf 90' lang='lat' dir='ltr'><strong>in</strong></span> <span class='ocrx_word' id='word_1_260' title='bbox 1031 3879 1129 3948; x_wconf 90' lang='lat' dir='ltr'><strong>ouria</strong></span> <span class='ocrx_word' id='word_1_261' title='bbox 1144 3880 1239 3969; x_wconf 83' lang='lat' dir='ltr'><strong>regia</strong></span> <span class='ocrx_word' id='word_1_262' title='bbox 1257 3903 1278 3949; x_wconf 89' lang='lat' dir='ltr'><strong>a</strong></span> <span class='ocrx_word' id='word_1_263' title='bbox 1293 3882 1420 3949; x_wconf 92' lang='lat' dir='ltr'><strong>iuuen-</strong></span> 
     </span>
     <span class='ocr_line' id='line_1_30' title="bbox 213 3992 1420 4085; baseline -0.001 -21"><span class='ocrx_word' id='word_1_264' title='bbox 213 4002 290 4065; x_wconf 87' lang='lat' dir='ltr'><strong>tute</strong></span> <span class='ocrx_word' id='word_1_265' title='bbox 317 3995 473 4063; x_wconf 89' lang='lat' dir='ltr'><strong>nutritus</strong></span> <span class='ocrx_word' id='word_1_266' title='bbox 503 4001 539 4063; x_wconf 89' lang='lat' dir='ltr'><strong>et</strong></span> <span class='ocrx_word' id='word_1_267' title='bbox 566 4016 626 4085; x_wconf 89' lang='lat' dir='ltr'><strong>pre</strong></span> <span class='ocrx_word' id='word_1_268' title='bbox 654 3992 904 4083; x_wconf 89' lang='lat' dir='ltr'><strong>pulcritudine,</strong></span> <span class='ocrx_word' id='word_1_269' title='bbox 928 3993 1148 4078; x_wconf 88' lang='lat' dir='ltr'><strong>fortitudine,</strong></span> <span class='ocrx_word' id='word_1_270' title='bbox 1176 3995 1360 4065; x_wconf 86' lang='lat' dir='ltr'><strong>velocitate</strong></span> <span class='ocrx_word' id='word_1_271' title='bbox 1385 4002 1420 4064; x_wconf 92' lang='lat' dir='ltr'><strong>et</strong></span> 
     </span>
     <span class='ocr_line' id='line_1_31' title="bbox 214 4108 1417 4201; baseline -0.001 -20"><span class='ocrx_word' id='word_1_272' title='bbox 214 4111 341 4181; x_wconf 86' lang='lat' dir='ltr'><strong>ceteris</strong></span> <span class='ocrx_word' id='word_1_273' title='bbox 372 4109 566 4181; x_wconf 84' lang='lat' dir='ltr'><strong>virtutibus</strong></span> <span class='ocrx_word' id='word_1_274' title='bbox 594 4110 683 4178; x_wconf 91' lang='lat' dir='ltr'><strong>meis</strong></span> <span class='ocrx_word' id='word_1_275' title='bbox 711 4108 855 4177; x_wconf 94' lang='lat' dir='ltr'><strong>domino</strong></span> <span class='ocrx_word' id='word_1_276' title='bbox 884 4111 959 4199; x_wconf 90' lang='lat' dir='ltr'><strong>regi</strong></span> <span class='ocrx_word' id='word_1_277' title='bbox 988 4111 1176 4201; x_wconf 87' lang='lat' dir='ltr'><strong>precipuus</strong></span> <span class='ocrx_word' id='word_1_278' title='bbox 1200 4111 1264 4194; x_wconf 84' lang='lat' dir='ltr'><strong>fui,</strong></span> <span class='ocrx_word' id='word_1_279' title='bbox 1294 4112 1417 4197; x_wconf 86' lang='lat' dir='ltr'><strong>frenis,</strong></span> 
     </span>
     <span class='ocr_line' id='line_1_32' title="bbox 215 4224 1416 4318; baseline 0 -23"><span class='ocrx_word' id='word_1_280' title='bbox 215 4226 312 4296; x_wconf 87' lang='lat' dir='ltr'><strong>sellis</strong></span> <span class='ocrx_word' id='word_1_281' title='bbox 346 4228 463 4295; x_wconf 89' lang='lat' dir='ltr'><strong>aureis</strong></span> <span class='ocrx_word' id='word_1_282' title='bbox 488 4233 524 4295; x_wconf 89' lang='lat' dir='ltr'><strong>et</strong></span> <span class='ocrx_word' id='word_1_283' title='bbox 549 4225 705 4296; x_wconf 85' lang='lat' dir='ltr'><strong>vestibus</strong></span> <span class='ocrx_word' id='word_1_284' title='bbox 738 4224 917 4293; x_wconf 91' lang='lat' dir='ltr'><strong>nobilibus</strong></span> <span class='ocrx_word' id='word_1_285' title='bbox 949 4233 1104 4311; x_wconf 82' lang='lat' dir='ltr'><strong>ornatus,</strong></span> <span class='ocrx_word' id='word_1_286' title='bbox 1129 4228 1261 4317; x_wconf 89' lang='lat' dir='ltr'><strong>optime</strong></span> <span class='ocrx_word' id='word_1_287' title='bbox 1284 4235 1416 4318; x_wconf 77' lang='lat' dir='ltr'><strong>pastuS,</strong></span> 
     </span>
     <span class='ocr_line' id='line_1_33' title="bbox 215 4339 1415 4432; baseline 0.002 -22"><span class='ocrx_word' id='word_1_288' title='bbox 215 4343 321 4427; x_wconf 89' lang='lat' dir='ltr'><strong>lotus,</strong></span> <span class='ocrx_word' id='word_1_289' title='bbox 345 4349 505 4432; x_wconf 90' lang='lat' dir='ltr'><strong>comptus</strong></span> <span class='ocrx_word' id='word_1_290' title='bbox 529 4348 564 4411; x_wconf 87' lang='lat' dir='ltr'><strong>et</strong></span> <span class='ocrx_word' id='word_1_291' title='bbox 590 4341 792 4410; x_wconf 89' lang='lat' dir='ltr'><strong>stramentis</strong></span> <span class='ocrx_word' id='word_1_292' title='bbox 814 4339 982 4408; x_wconf 86' lang='lat' dir='ltr'><strong>mollibus</strong></span> <span class='ocrx_word' id='word_1_293' title='bbox 1006 4343 1102 4409; x_wconf 92' lang='lat' dir='ltr'><strong>omni</strong></span> <span class='ocrx_word' id='word_1_294' title='bbox 1127 4341 1183 4410; x_wconf 90' lang='lat' dir='ltr'><strong>die</strong></span> <span class='ocrx_word' id='word_1_295' title='bbox 1213 4350 1415 4412; x_wconf 88' lang='lat' dir='ltr'><strong>renouatus.</strong></span> 
     </span>
     <span class='ocr_line' id='line_1_34' title="bbox 217 4455 1419 4551; baseline 0.002 -24"><span class='ocrx_word' id='word_1_296' title='bbox 217 4459 283 4527; x_wconf 83' lang='lat' dir='ltr'><strong>Per</strong></span> <span class='ocrx_word' id='word_1_297' title='bbox 301 4480 359 4527; x_wconf 93' lang='lat' dir='ltr'><strong>me</strong></span> <span class='ocrx_word' id='word_1_298' title='bbox 378 4465 496 4527; x_wconf 90' lang='lat' dir='ltr'><strong>autem</strong></span> <span class='ocrx_word' id='word_1_299' title='bbox 525 4457 691 4526; x_wconf 91' lang='lat' dir='ltr'><strong>dominus</strong></span> <span class='ocrx_word' id='word_1_300' title='bbox 713 4478 813 4524; x_wconf 92' lang='lat' dir='ltr'><strong>meus</strong></span> <span class='ocrx_word' id='word_1_301' title='bbox 837 4455 950 4524; x_wconf 88' lang='lat' dir='ltr'><strong>multa</strong></span> <span class='ocrx_word' id='word_1_302' title='bbox 973 4455 1065 4526; x_wconf 91' lang='lat' dir='ltr'><strong>bella</strong></span> <span class='ocrx_word' id='word_1_303' title='bbox 1087 4459 1219 4550; x_wconf 84' lang='lat' dir='ltr'><strong>peregit</strong></span> <span class='ocrx_word' id='word_1_304' title='bbox 1242 4465 1278 4528; x_wconf 89' lang='lat' dir='ltr'><strong>et</strong></span> <span class='ocrx_word' id='word_1_305' title='bbox 1300 4459 1419 4551; x_wconf 90' lang='lat' dir='ltr'><strong>plures</strong></span> 
     </span>
     <span class='ocr_line' id='line_1_35' title="bbox 217 4572 1417 4665; baseline 0.003 -23"><span class='ocrx_word' id='word_1_306' title='bbox 217 4573 370 4644; x_wconf 90' lang='lat' dir='ltr'><strong>honores</strong></span> <span class='ocrx_word' id='word_1_307' title='bbox 392 4572 602 4665; x_wconf 88' lang='lat' dir='ltr'><strong>adquisiuit;</strong></span> <span class='ocrx_word' id='word_1_308' title='bbox 626 4579 691 4656; x_wconf 88' lang='lat' dir='ltr'><strong>set,</strong></span> <span class='ocrx_word' id='word_1_309' title='bbox 723 4573 807 4662; x_wconf 91' lang='lat' dir='ltr'><strong>quia</strong></span> <span class='ocrx_word' id='word_1_310' title='bbox 830 4572 900 4640; x_wconf 92' lang='lat' dir='ltr'><strong>iam</strong></span> <span class='ocrx_word' id='word_1_311' title='bbox 926 4573 1029 4641; x_wconf 89' lang='lat' dir='ltr'><strong>senui</strong></span> <span class='ocrx_word' id='word_1_312' title='bbox 1051 4579 1086 4642; x_wconf 89' lang='lat' dir='ltr'><strong>et</strong></span> <span class='ocrx_word' id='word_1_313' title='bbox 1114 4574 1207 4643; x_wconf 91' lang='lat' dir='ltr'><strong>vires</strong></span> <span class='ocrx_word' id='word_1_314' title='bbox 1237 4574 1417 4660; x_wconf 88' lang='lat' dir='ltr'><strong>deliciunt,</strong></span> 
     </span>
    </p>
   </div>
   <div class='ocr_carea' id='block_1_6' title="bbox 0 0 1640 5626">
    <p class='ocr_par' dir='ltr' id='par_1_6' title="bbox 0 0 1640 5626">
     <span class='ocr_line' id='line_1_36' title="bbox 0 0 1640 5626; baseline 0 0"><span class='ocrx_word' id='word_1_315' title='bbox 0 0 1640 5626; x_wconf 95' lang='lat' dir='ltr'><strong> </strong></span> 
     </span>
    </p>
   </div>
  </div>
 </body>
</html>
