3270 5626
352 467 400 514 21⁶
612 463 764 516 ODONIS
791 464 841 516 DE
869 464 1080 517 CERITONA
1107 463 1291 517 FABULAE.

418 607 474 676 Sic
494 608 704 676 multociens
724 609 827 676 multi
851 608 963 679 multa
981 614 1203 700 congregant,
1223 614 1258 677 et
1276 607 1429 677 ueniunt
1449 605 1551 676 latro-

349 745 426 807 nes,
446 722 503 790 uel
530 723 639 791 baiuli
664 725 845 816 principie,
868 725 928 792 uel
949 724 1216 815 consanguinei,
1233 731 1269 792 et
1291 728 1406 792 totum
1426 744 1551 792 consu·

350 843 463 922 munt,
486 839 654 927 quoniam
669 838 868 929 relinquent
886 839 1009 908 alienis
1025 838 1174 908 diuicias
1194 861 1275 907 suas
1295 838 1355 930 (4).

644 1060 758 1117 xt111.
783 1092 818 1102 -
846 1063 895 1117 DE
925 1062 1040 1118 LUPO.
1058 1061 1250 1118 SEPULTO.

507 1197 646 1258 contra
660 1201 884 1271 appetentes
900 1210 1119 1270 magnorum
1133 1197 1313 1268 exequias
1330 1193 1387 1275 (2).

415 1363 569 1453 Contigit
588 1362 681 1453 quod
702 1363 819 1452 Lupus
839 1361 1024 1432 defunctus
1039 1368 1102 1430 est.
1126 1363 1193 1431 Leo
1211 1361 1341 1430 bestius
1360 1383 1548 1454 congrega·

347 1477 402 1545 uit
420 1484 455 1545 et
469 1479 634 1568 exequias
649 1478 732 1546 lecit
750 1476 932 1547 celebrari.
955 1479 1066 1568 Lepus
1086 1500 1213 1568 aquam
1233 1476 1454 1546 benedictam
1474 1500 1549 1568 por·

324 1595 332 1610 ’
347 1593 448 1676 tauit,
461 1592 590 1661 Hericii
604 1614 721 1671 cereos
734 1600 974 1682 portauerunt,
987 1593 1092 1685 Hyrci
1107 1614 1293 1684 campanas
1303 1593 1545 1685 pulsauernnt,

346 1707 490 1776 Meletes
507 1708 554 1798 (3)
569 1708 708 1777 foueam
727 1709 895 1792 fecerunt,
916 1708 1047 1800 Vulpes
1062 1715 1240 1777 mortuum
1262 1708 1299 1776 in
1318 1707 1483 1798 pheretro
1501 1710 1547 1800 (4)

345 1828 587 1913 portauerunt,
612 1823 855 1916 Berengarius‚
877 1823 1011 1893 scilicet
1033 1823 1155 1906 Vrsus,
1177 1825 1321 1892 missam
1341 1823 1545 1908 celebrauit,

346 1939 412 2007 Bos
443 1939 680 2030 euangelium,
707 1940 837 2008 Asinus
857 1939 1040 2029 epistolam
1065 1938 1162 2030 legit.
1189 1938 1296 2008 Missa
1316 1939 1492 2009 celebrata
1514 1946 1547 2009 et

346 2054 553 2145 Ysemgrino
570 2055 719 2146 sepulto,
736 2054 778 2123 de
798 2054 899 2123 bonis
919 2055 1031 2145 ipsius
1050 2055 1217 2124 animalia
1236 2053 1420 2146 splendide
1434 2078 1545 2125 come·

346 2168 474 2238 derunt
493 2175 527 2237 et
541 2170 726 2239 consimile
740 2170 848 2238 funus
863 2169 1166 2240 desiderauerunt.

411 2285 509 2354 Certe
534 2286 583 2353 sic
611 2285 758 2377 contigit
780 2287 981 2376 frequenter
1003 2284 1108 2376 quod,
1126 2285 1243 2377 aliquo
1269 2284 1381 2354 diuite
1408 2292 1545 2376 raptore

343 2400 401 2470 uel
423 2403 585 2470 usurario
610 2408 761 2484 mortue,
783 2400 890 2470 abbas
904 2402 962 2469 uel
987 2402 1084 2490 prior
1101 2408 1314 2469 conuentum
1340 2400 1543 2485 bestiarum,

342 2516 376 2584 id
406 2523 458 2586 est
495 2516 688 2585 bestialiter
720 2518 932 2599 uiuentium,
964 2517 1047 2584 lacit
1081 2517 1297 2607 congregari.
1333 2515 1545 2610 Plerumque

344 2633 439 2701 enim
464 2634 611 2723 contigit
632 2631 725 2723 quod
749 2633 787 2700 in
811 2654 939 2723 magno
961 2626 1136 2701 conuentu
1159 2633 1343 2722 nigrorum
1363 2633 1423 2700 uel
1449 2633 1544 2702 albo

344 2770 422 2816 rum
444 2771 515 2817 non
535 2755 618 2816 sunt
637 2749 707 2816 nisi
726 2747 847 2831 bestie,
872 2748 991 2816 leones
1014 2770 1075 2840 per
1097 2746 1307 2836 superbiam,
1332 2748 1459 2838 uulpes
1486 2771 1545 2839 per

343 2863 633 2944 frauduleneiam,
650 2863 723 2930 ursi
741 2885 802 2953 per
820 2864 1062 2945 uoracitatem,
1081 2862 1179 2954 byrci
1197 2863 1344 2931 fetentes
1364 2885 1428 2953 per
1441 2864 1545 2932 luxu-

345 2980 473 3067 rialml,
494 2980 583 3046 asini
610 3000 671 3068 per
695 2979 896 3069 segniciem,
924 2979 1033 3047 herici
1059 3001 1120 3067 per
1145 2979 1381 3067 asperitatem,
1409 2980 1544 3069 lepores

345 3117 406 3183 per
431 3100 575 3174 metum,
598 3097 646 3183 (p.
669 3095 746 3176 504,
770 3117 799 3162 e.
819 3096 850 3182 4)
874 3094 965 3185 quod
989 3094 1254 3184 trepidauerunt
1282 3092 1344 3161 ubi
1373 3117 1445 3162 non
1473 3103 1545 3163 erat

346 3212 452 3277 timor
479 3209 537 3298 (5),
562 3210 728 3299 quoniam
751 3211 875 3277 timent
899 3211 1058 3278 amittere
1087 3209 1293 3299 temporalia
1314 3207 1374 3276 ubi
1396 3233 1468 3278 non
1495 3218 1545 3278 est

347 3324 555 3407 timendum,
579 3347 649 3391 non
675 3326 827 3414 timelult
849 3327 1009 3393 amittere
1029 3332 1149 3392 eterna
1164 3323 1224 3392 ubi
1240 3325 1404 3414 precipue
1420 3326 1545 3393 timen-

346 3440 430 3508 dum
453 3447 515 3522 est,
534 3440 640 3507 boues
656 3463 717 3530 per
731 3447 902 3508 terrarum
921 3440 1088 3522 laborem,
1106 3441 1273 3531 quoniam
1290 3440 1368 3528 plus
1385 3440 1545 3509 laborant

347 3558 383 3623 in
400 3557 548 3623 terrenis
568 3578 673 3645 quam
694 3556 892 3624 celestibus.
911 3556 967 3623 Hii
987 3579 1058 3624 non
1075 3558 1181 3645 [sunt]
1199 3555 1305 3623 boues
1318 3556 1471 3638 Abrahe,
1487 3555 1543 3624 sed

348 3695 436 3762 quos
451 3674 535 3739 omit
550 3673 609 3761 qui
626 3672 668 3739 ad
682 3694 803 3740 cenam
825 3672 936 3763 glorie
955 3673 1077 3739 uenire
1099 3673 1273 3740 recusauit
1289 3671 1350 3762 (6).
1367 3671 1542 3751 Michaeas,

400 3844 437 3914 (l)
452 3843 545 3912 Voyez
556 3841 582 3896 le
593 3842 673 3896 Liere
683 3841 729 3896 des
744 3844 881 3908 Pscames,
897 3843 927 3896 C.
941 3858 1032 3909 xevru,
1048 3859 1074 3898 ιι.
1092 3846 1133 3898 ll.

402 3932 438 4003 (2)
454 3933 485 3985 P.
502 3933 546 3996 45,
568 3932 619 3985 AS.
634 3933 678 3996 49,
695 3932 724 3983 l'.
739 3933 782 3996 ot,
799 3932 830 3985 G.
846 3935 890 3993 25,
907 3932 964 3984 ΜΒ.
982 3935 1026 3996 50,
1043 3932 1099 3985 MC.
1114 3935 1158 3995 52,
1180 3932 1239 3985 Ml).
1256 3933 1300 3998 55,
1313 3931 1369 3984 All.
1387 3931 1415 3995 8,
1429 3931 1485 3985 ΑΒ.
1501 3933 1543 3996 52,

349 4022 381 4074 H.
399 4023 443 4086 70,
461 4021 516 4074 Δ44).
535 4021 577 4084 32,
593 4020 649 4073 bu.
664 4023 708 4085 45,
725 4020 779 4074 DC.
796 4022 840 4086 46,
857 4021 910 4074 CA.
927 4021 972 4086 43,
989 4021 1041 4074 CB.
1060 4023 1104 4081 46,
1122 4022 1177 4075 All.
1196 4024 1239 4075 78.

403 4109 440 4178 (3)
454 4109 534 4163 Ainsi
546 4109 618 4162 (lans
635 4110 685 4161 AS.
703 4115 731 4161 et
746 4110 816 4174 .lil.;
834 4109 909 4163 mnis
922 4109 995 4164 dans
1011 4110 1059 4163 ΜΒ
1073 4126 1080 4162 :
1097 4110 1214 4164 Meletos.

403 4197 441 4266 (ll
458 4198 552 4251 llieux
569 4197 642 4250 daus
654 4199 723 4258 llll„
740 4200 807 4257 ill..
825 4199 870 4263 ll.,
887 4199 943 4252 ⁴lll.
962 4215 969 4251 z
984 4199 1098 4264 feretro.

402 4290 438 4355 (ὅ)
456 4288 548 4356 4ὀ)ἰι,
563 4285 589 4340 le
606 4289 684 4340 birrr
698 4286 743 4340 des
760 4289 895 4344 Pscuures.
913 4288 942 4340 C.
957 4303 1016 4347 rur,
1030 4303 1055 4339 v.
1071 4291 1096 4348 5,
1112 4291 1141 4340 et
1158 4288 1187 4341 C.
1204 4304 1249 4352 uu,
1265 4303 1291 4341 r.
1306 4289 1332 4340 6.

401 4377 439 4445 (6)
454 4378 491 4430 Ge
512 4391 642 4447 passage,
658 4374 842 4430 risiblement
862 4374 964 4438 altere,
984 4374 1095 4429 semble
1115 4376 1197 4429 avoir
1218 4375 1264 4429 ete
1283 4375 1394 4430 mieux·
1406 4376 1542 4431 conserve

345 4463 417 4517 dans
430 4465 482 4527 AS,
495 4463 545 4534 qui
561 4472 662 4535 porte:
677 4466 722 4518 llil
735 4480 790 4518 non
804 4471 870 4519 sunt
884 4465 963 4519 boues
976 4465 1085 4519 Abrabe
1097 4480 1164 4535 quos
1176 4465 1241 4519 cinit
1253 4466 1336 4531 Deus,
1345 4464 1393 4519 ted
1405 4467 1466 4521 ursi
1477 4467 1543 4520 Dia-

346 4552 401 4606 boli
416 4555 463 4622 qai
478 4555 516 4607 cd
530 4570 624 4607 cenom
640 4554 726 4620 plorie
739 4556 834 4608 uertite
849 4560 986 4608 recusant.
999 4555 1092 4625 Voyez
1108 4553 1136 4608 la
1151 4553 1261 4620 Genese,
1278 4553 1308 4607 C.
1325 4568 1383 4620 ur,
1396 4570 1423 4608 v.
1441 4557 1484 4610 27.
