3270 5626
394 449 439 499 lll
658 446 808 498 0n0N1s
829 448 880 499 DE
901 447 1113 500 CERl'l'ONA
1139 443 1327 496 FABULAE.

393 613 436 660 ex
455 589 629 659 industria
648 595 682 658 et
701 612 882 660 remanere
902 591 1107 682 permittite,
1127 596 1167 658 ut
1186 587 1329 679 colligat
1347 586 1444 656 Ruth
1466 586 1595 679 absque

393 704 618 775 uerecundia.
648 705 698 774 lta
717 705 805 774 dixit
829 706 921 775 Booz
946 703 1173 776 messoribus.
1202 704 1290 772 Boos
1314 701 1446 771 dicitur
1471 703 1508 771 in
1528 725 1595 794 quo

394 819 511 901 robur,
539 827 573 889 et
595 820 769 912 significat
792 820 975 891 Christum
1000 822 1038 890 iu
1067 842 1135 912 quo
1164 818 1271 888 robur
1302 816 1459 899 deitatis,
1489 817 1596 887 robur

396 936 661 1026 omnipotentie,
685 935 746 1027 qui
770 910 896 1028 ligiuit
918 937 1059 1021 fortem,
1080 934 1214 1005 scilicet
1237 932 1440 1016 Diabolum,
1462 940 1497 1001 et
1518 935 1596 1002 uni-

398 1073 500 1120 uersa
521 1072 619 1119 arma
642 1051 718 1119 eius
743 1051 899 1134 abstulit,
922 1058 957 1120 et
980 1052 1092 1144 spolia
1116 1048 1308 1129 distribuit,
1334 1054 1374 1117 ut
1401 1048 1537 1140 legitur
1560 1050 1595 1117 in

399 1166 516 1236 Lucba
536 1166 599 1256 [0.]
620 1166 676 1248 Xl,
693 1167 738 1256 [v.
759 1167 910 1257 22].1ste
931 1173 996 1251 est,
1013 1174 1054 1237 ut
1072 1166 1202 1260 legitur
1220 1164 1377 1250 inistis,
1395 1165 1460 1254 [0.]
1477 1163 1593 1247 LXlll,

401 1283 446 1372 [v.
469 1283 515 1371 ll,
532 1282 705 1350 formosus
722 1282 759 1350 in
779 1283 869 1351 stola
887 1306 962 1365 sua,
978 1282 1142 1376 gradiens
1157 1283 1194 1349 in
1209 1278 1442 1349 multitudine
1458 1279 1597 1351 tortitu-

401 1398 493 1466 dinis
512 1421 585 1478 sue,
599 1399 765 1488 quoniam
780 1399 869 1466 stola
888 1399 1044 1489 corporis
1063 1400 1133 1467 iam
1147 1397 1215 1466 fuit
1233 1395 1388 1487 pulcrior
1403 1395 1518 1477 Luna,
1530 1395 1599 1464 clu·

401 1514 472 1581 rior
490 1512 581 1581 Sole.
601 1512 829 1582 Gradiebatur
843 1512 886 1581 de
903 1514 978 1582 celo
995 1514 1034 1582 iu
1053 1519 1195 1594 terram,
1214 1532 1356 1581 caruem
1372 1508 1597 1593 assumendo,

401 1626 444 1696 de
463 1630 610 1696 terrain
631 1628 821 1710 infernum,
839 1628 1034 1697 humanum
1050 1650 1162 1720 genus
1181 1624 1374 1707 liberando,
1392 1624 1437 1694 de
1463 1626 1599 1695 inferno

402 1743 439 1810 in
455 1748 597 1824 terram,
610 1764 750 1811 carnem
767 1742 1015 1833 recuperando,
1031 1742 1177 1812 deterre
1191 1739 1423 1824 incolum,ad
1442 1739 1599 1809 dextrum

403 1856 515 1924 Patris
540 1856 701 1926 sedendo.
726 1859 792 1926 lste
814 1858 903 1927 Booz
922 1857 1028 1927 habet
1046 1879 1218 1927 messores
1236 1878 1331 1938 suos,
1349 1855 1487 1924 scilicet
1505 1877 1601 1946 apos-

403 1973 504 2054 tolos,
526 1970 728 2062 discipulos,
750 1973 915 2063 prelatos,
942 1972 1071 2064 quibus
1086 1972 1285 2042 animarum
1309 1993 1394 2040 cura
1412 1971 1601 2040 commissa

405 2093 468 2156 est.
491 2087 548 2154 llii
568 2086 694 2156 debent
714 2094 843 2157 metere
863 2089 976 2179 spicas
995 2088 1209 2169 animarum,
1230 2086 1266 2155 id
1286 2092 1338 2155 est
1359 2087 1551 2155 auctoritas
1569 2091 1601 2153 et

406 2203 564 2291 exempla
579 2203 852 2293 scripturarum,
877 2203 1006 2295 quibus
1028 2203 1144 2272 anime
1173 2201 1379 2272 reficiuntur
1401 2207 1435 2270 et
1464 2207 1601 2270 susten·

407 2323 536 2386 tantur.
554 2319 677 2387 Postea
696 2317 822 2388 debent
841 2320 935 2409 ipsas
951 2320 1087 2387 animas
1103 2324 1234 2388 metere
1253 2323 1288 2385 et
1310 2316 1381 2386 Deo
1394 2317 1540 2395 offerre;
1560 2315 1600 2384 de

408 2432 535 2525 quibus
553 2435 590 2502 in
611 2434 715 2516 Luca,
734 2434 795 2525 [0.]
813 2435 853 2517 Χ,
872 2436 917 2525 [ν.
935 2436 967 2525 2]
987 2455 994 2502 :
1011 2435 1134 2503 Moesis
1153 2432 1294 2525 quidem
1312 2431 1436 2515 multa,
1452 2432 1601 2522 operarii

407 2555 524 2617 autem
545 2551 657 2639 pauci.
680 2549 808 2642 Regale
826 2571 908 2640 ergo
925 2550 1115 2619 Dominum
1136 2550 1182 2641 (p.
1204 2549 1282 2629 479,
1301 2569 1330 2617 c.
1352 2548 1387 2637 2)
1408 2548 1550 2630 messis,
1565 2551 1602 2613 ut

408 2665 524 2732 mittat
533 2666 709 2754 operarios
724 2666 762 2733 in
777 2687 927 2734 messem
943 2681 1057 2734 suam.
1073 2664 1220 2734 Nullum
1239 2661 1449 2733 sacrificium
1465 2668 1600 2731 tantum

409 2779 519 2867 placet
535 2779 605 2848 Deo
621 2788 792 2870 quantum
807 2781 900 2849 zelus
916 2781 1126 2850 animarum.
1145 2778 1180 2847 Si
1197 2780 1337 2848 unicam
1352 2778 1512 2847 animam
1527 2777 1603 2846 offe-

409 2916 464 2962 ras
480 2893 562 2976 Deo,
579 2893 671 2962 dicet
686 2894 768 2963 tibi:
784 2895 892 2988 Euge,
905 2917 1006 2964 seruo
1022 2895 1124 2978 boue,
1138 2901 1173 2964 et
1187 2900 1316 2976 cetera;
1330 2893 1501 2984 quoniam
1515 2893 1604 2961 Deus

408 3008 486 3097 plus
508 3011 725 3099 appreciatur
745 3033 852 3079 uuam
875 3013 1030 3079 animam
1052 3033 1160 3102 quam
1183 3017 1296 3079 totum
1324 3007 1515 3077 mundum.
1541 3006 1605 3076 Sed

408 3123 566 3213 plerique
595 3126 706 3214 spicas
736 3127 943 3216 [corporeas
974 3127 1118 3214 scilieet]
1149 3124 1303 3193 decimas
1328 3131 1361 3192 et
1393 3123 1601 3197 oblationes.

409 3236 677 3328 diligentissime
694 3248 841 3321 metunt,
859 3243 994 3310 animas
1011 3240 1155 3309 Diabolo
1175 3263 1237 3330 per
1252 3262 1396 3330 prauam
1416 3240 1530 3307 uitam
1550 3239 1603 3307 uel

409 3353 658 3445 negligentiam
678 3358 840 3424 offerunt.
864 3357 913 3425 De
934 3356 1061 3449 quibus
1082 3358 1119 3424 in
1143 3355 1232 3425 libro
1254 3355 1430 3445 Sapientia
1460 3354 1524 3444 [C.]
1547 3352 1601 3432 vl,

411 3470 455 3556 lv.
484 3469 586 3557 6-9'1:
614 3460 786 3539 ludicium
810 3470 1041 3540 durissimum
1071 3473 1108 3539 in
1135 3470 1221 3553 hiis,
1246 3470 1414 3562 quoniam
1443 3477 1600 3559 presunt.

411 3583 485 3664 liet3
508 3590 665 3674 potentes
696 3591 855 3676 potenter
884 3593 1057 3656 tormenta
1083 3587 1280 3677 pacientur;
1308 3584 1513 3653 fortioribus
1535 3585 1605 3652 for·

412 3699 484 3767 oior
495 3700 601 3768 instat
616 3703 794 3770 cruciatio.
812 3701 964 3771 Verbum
981 3701 1081 3793 quusi
1095 3701 1225 3770 diceret
1247 3721 1255 3768 :
1278 3700 1412 3769 Durum
1435 3699 1605 3769 iudicium

413 3815 470 3882 liet
495 3814 609 3882 ludeis
633 3824 666 3885 ct
689 3818 886 3900 Saracenis;
912 3816 1035 3885 durius
1060 3817 1239 3899 hereticis;
1266 3815 1326 3884 sed
1351 3815 1524 3884 iudicium
1546 3814 1607 3883 du·

413 3931 593 3998 rissimum
626 3931 722 3999 falsis
757 3933 911 4022 prolatis,
931 3933 1011 4000 licet
1036 3931 1139 4000 modo
1163 3933 1202 3999 in
1232 3929 1459 3999 multitudine
1486 3929 1608 3999 diuici·

411 4046 569 4127 arum,in
583 4049 681 4136 equis
696 4047 897 4136 phaleratis,
916 4049 952 4115 in
968 4047 1109 4116 cibariis
1124 4046 1283 4116 delicatis
1297 4045 1507 4138 glorientur.
1517 4045 1608 4115 Ruth

410 4160 659 4250 interpretatur
692 4161 856 4231 deficiens
891 4171 925 4231 et
959 4163 1132 4254 significat
1161 4162 1267 4230 laicos
1300 4163 1361 4252 qui
1399 4162 1436 4229 in
1466 4183 1503 4230 se
1528 4161 1608 4230 deli·

409 4276 519 4357 ciunt,
550 4276 618 4343 nisi
646 4300 665 4344 a
694 4277 840 4367 prelatis
864 4280 1080 4359 reficiantur,
1109 4278 1278 4369 quoniam
1297 4277 1351 4367 [si]
1375 4276 1484 4368 qui[s]
1505 4274 1606 4345 dimi-

409 4391 493 4457 serit
517 4413 575 4458 eos
598 4393 746 4473 ieiunos
769 4393 930 4461 deficient
950 4395 987 4461 in
1012 4393 1081 4462 uia.
1108 4393 1256 4475 Marcus,
1284 4391 1346 4481 [0.]
1369 4391 1463 4477 Vlll,
1490 4394 1537 4481 [v.
1561 4392 1603 4479 31.

412 4503 532 4589 lgitm.
553 4512 702 4575 rectores
726 4510 936 4585 animarum,
960 4508 1103 4599 proicite
1128 4507 1170 4576 de
1197 4508 1389 4598 manipulis
1411 4507 1541 4576 vestris
1567 4528 1605 4575 ex
