3270 5626
736 495 923 546 FABULAE.
1386 495 1431 544 tat

293 637 351 704 Sic
375 642 427 704 est
448 635 490 704 de
516 636 635 725 impiis
657 637 810 705 dominis
833 644 867 705 et
890 660 1012 706 eorum
1037 636 1181 719 bellino,
1205 635 1267 727 qui
1287 637 1431 726 capiunt

227 774 422 842 pauperum
437 752 635 820 tenencium
654 753 813 842 pignora,
832 776 895 822 nee
911 752 1074 834 liberant,
1087 750 1197 821 donee
1212 751 1431 820 redimantur

225 865 268 935 ad
283 889 406 936 eorum
418 868 647 936 voluntatem.

530 1135 639 1191 xxti.
669 1167 704 1176 —
735 1137 884 1207 [ruant
910 1136 958 1191 ΕΤ
987 1135 1114 1206 auro]

665 1317 753 1377 Alta
772 1319 819 1377 de
840 1318 979 1377 eodem.

290 1497 403 1567 Thrae
428 1500 534 1567 semet
555 1501 722 1567 transiuit
742 1523 846 1591 super
873 1501 1066 1583 Bufonem3
1089 1522 1180 1568 vnus
1208 1498 1295 1567 dens
1323 1499 1428 1591 fregit

221 1613 288 1684 sibi
309 1614 433 1705 capud,
450 1614 541 1683 alius
558 1613 715 1697 dorsum,
733 1616 863 1685 tercius
878 1614 1014 1696 tibiam,
1030 1616 1079 1683 ita
1091 1615 1185 1707 quod
1204 1615 1314 1683 miser
1333 1621 1427 1682 totus

222 1729 516 1822 confringeretur,
540 1739 574 1799 et
587 1732 638 1799 ait
659 1751 667 1799 τ
688 1731 864 1800 Maledicti
878 1738 930 1799 tot
945 1732 1099 1799 domini!

290 1846 341 1913 tta
357 1851 506 1937 possunt
526 1845 641 1914 dicere
656 1869 827 1937 pauperes
846 1853 1018 1930 tenentes,
1035 1847 1097 1937 qui
1117 1845 1248 1915 habent
1267 1869 1371 1938 super
1390 1870 1427 1914 sc

223 1961 339 2028 malos
354 1959 529 2043 dominos,
546 1960 678 2050 peiores
694 1963 903 2031 senescallos
919 1968 954 2031 et
973 1964 1144 2052 pessimos
1164 1985 1286 2030 eorum
1302 1963 1428 2030 minis·

221 2083 306 2158 tros,
337 2077 397 2167 qui
419 2076 511 2143 nihil
532 2077 703 2145 intactum
724 2077 916 2169 relinqunt,
939 2079 1023 2169 quia
1041 2077 1134 2169 quod
1155 2101 1244 2147 unus
1266 2076 1424 2159 dimittit,

221 2190 312 2259 alius
327 2214 398 2260 non
414 2192 558 2259 omittit.

439 2459 562 2514 xxt'lt.
591 2491 626 2499 -
653 2460 785 2531 [nrt'as
815 2461 863 2515 ΕΤ
892 2461 1025 2517 t'tltUAE
1052 2460 1208 2531 VACCA.]

663 2641 752 2702 Alta
773 2645 819 2702 de
841 2644 979 2702 eodem.

286 2826 392 2893 Diues
414 2824 569 2916 quidam,
592 2825 725 2893 habens
749 2826 868 2915 plures
890 2849 1025 2908 vaccas,
1046 2826 1135 2895 vidit
1157 2825 1345 2917 quamdam
1360 2824 1423 2893 Vi·

217 2941 336 3022 duam,
367 2947 544 3009 tenentem
574 2963 687 3024 suam,
713 2940 841 3009 habere
870 2963 975 3009 vnam
999 2942 1181 3033 pinguem,
1208 2963 1315 3032 quam
1344 2942 1421 3032 ipsa

217 3054 346 3124 cotidie
361 3055 520 3147 pastebat
535 3078 642 3124 manu
659 3079 734 3137 sua,
747 3063 781 3124 et
795 3056 885 3125 dixit
900 3057 1004 3125 Diues
1019 3059 1183 3126 ministro
1199 3080 1262 3125 suo
1280 3078 1288 3125 :
1307 3056 1420 3137 Quere

215 3194 357 3241 vaccam
379 3170 491 3239 Vidue
518 3171 628 3253 illiue,
645 3173 728 3263 quia
748 3173 890 3263 pinguis
911 3179 974 3241 est.
999 3174 1065 3255 Qui
1086 3174 1136 3242 sic
1155 3173 1248 3242 feeit.
1272 3174 1315 3241 Et
1334 3171 1422 3240 dixit

215 3287 330 3355 Vidua
352 3309 433 3355 oum
453 3287 633 3355 lacrimis:
657 3289 770 3369 Quare
791 3289 904 3357 aufert
926 3289 1014 3356 mihi
1035 3288 1200 3357 dominus
1220 3311 1320 3357 meus
1340 3311 1421 3358 vac-

216 3425 294 3471 cam
310 3425 425 3471 meam
440 3404 593 3486 vnicam,
604 3425 673 3494 quo
687 3403 775 3470 mihi
793 3408 965 3471 sustentat
979 3405 1101 3487 vitam,
1119 3427 1199 3473 cum
1216 3405 1289 3494 ipse
1302 3405 1420 3495 plures

216 3517 364 3587 habeat?
384 3518 427 3585 Et
448 3517 536 3588 dixit
561 3520 728 3587 minister
749 3540 757 3586 :
782 3519 907 3588 Nescio
927 3542 1086 3600 causam;
1118 3520 1178 3588 sed
1198 3526 1335 3611 oportet
1362 3541 1418 3587 me

215 3635 382 3725 perficere
399 3641 601 3726 preceptum
615 3634 748 3703 domini
765 3637 848 3705 mei.
865 3635 1019 3705 Adduxit
1034 3637 1151 3726 itaque
1167 3635 1328 3703 minister
1341 3656 1419 3703 vac-

215 3772 293 3818 cam
315 3748 359 3818 ad
378 3750 575 3832 dominum,
603 3772 709 3840 quam
732 3752 805 3842 ipse
825 3753 944 3820 statim
970 3751 1109 3835 occidit,
1131 3757 1166 3819 et
1184 3756 1319 3842 partem
1341 3751 1417 3818 eius

215 3865 257 3934 ad
285 3866 472 3957 coquinam
497 3866 678 3957 coquende
701 3868 907 3936 transmisit.
935 3868 976 3936 Et
998 3890 1080 3936 cum
1100 3865 1237 3935 sederet
1256 3866 1299 3936 ad
1318 3889 1417 3935 men-

214 4003 302 4063 sam,
321 4003 431 4074 paruo
451 3981 629 4053 morsotto.
652 4005 757 4072 quem
777 3982 819 4050 de
840 3984 916 4074 ipsa
937 4006 1042 4052 vacca
1067 3983 1235 4075 gustauit‚
1256 3989 1417 4074 strangu-

213 4097 307 4165 latus
326 4105 389 4165 est.

282 4211 410 4304 Sicque
426 4214 572 4282 timeant
592 4215 678 4281 tales
695 4213 830 4283 domini
851 4222 886 4282 et
905 4237 1027 4283 eorum
1048 4215 1204 4283 ministri
1219 4213 1313 4305 quod
1328 4213 1414 4282 dicit

215 4327 394 4409 Ysidorus,
412 4327 503 4397 libro
521 4328 563 4396 de
583 4352 722 4397 summo
742 4330 833 4398 bono
851 4331 909 4412 ΙΙΙ,
932 4353 962 4399 c.
983 4354 1038 4398 uxr
1057 4355 1064 4398 :
1086 4329 1242 4399 Audiant
1260 4329 1321 4421 qui
1338 4352 1415 4420 pre-

214 4451 298 4513 sunt
330 4443 485 4536 populis‚
514 4444 608 4534 quod
642 4468 702 4534 pro
737 4445 987 4537 temporalibus
1016 4447 1205 4529 molestiis,
1231 4468 1319 4537 quas
1345 4443 1414 4513 iltis

214 4562 394 4653 ingerunt,
416 4561 546 4628 eternis
567 4561 740 4629 incendiis
755 4562 1018 4632 cremabuntur.
