3270 5626
724 485 909 538 FABULAE.
1374 489 1419 536 tao

215 630 426 720 vocauitque
449 651 543 713 eum,
567 628 689 697 dicens
720 652 727 697 :
754 631 862 698 Visne
887 651 949 719 pro
979 629 1106 696 salario
1133 630 1419 726 competentiire

215 745 260 814 ad
293 745 408 813 lilium
443 745 480 812 in
514 745 635 813 auium
664 746 814 815 consilio
842 745 1092 814 consistentem
1122 749 1157 811 et
1186 742 1322 813 deferre
1352 745 1419 812 sibi

216 862 338 952 aliqua
356 883 419 951 per
438 883 495 928 me
520 860 797 929 transmitenda?
819 861 882 929 Cui
907 861 1047 952 Lepus:
1071 859 1234 927 Libenter
1259 859 1332 943 ibo;
1360 860 1420 929 sed

216 977 334 1045 filium
360 982 461 1044 tuum
484 999 556 1044 non
581 998 744 1068 agnosco.
763 976 823 1046 Dic
839 975 927 1045 milri
951 975 1081 1067 quibus
1103 974 1246 1044 indiciis
1270 977 1308 1044 in
1325 983 1422 1046 tanta

216 1090 447 1160 multitudine
467 1091 642 1182 reperiam
661 1115 743 1160 eum
763 1098 798 1160 et
814 1114 1023 1184 cognoscere
1049 1114 1190 1182 queam.
1211 1092 1275 1161 Cui
1296 1091 1418 1160 Bub0:

218 1208 332 1276 Filius
345 1230 446 1276 meus
469 1214 523 1275 est
541 1207 711 1276 candidus
730 1215 766 1276 et
784 1206 1016 1288 rubicundus,
1038 1207 1171 1276 electus
1190 1230 1233 1275 ex
1261 1207 1418 1277 milibus.

218 1322 270 1391 ,ld
300 1322 366 1392 hec
393 1323 537 1414 Lepus:
566 1322 691 1392 adhue
715 1323 770 1392 die
796 1323 886 1392 milri
909 1323 1109 1413 expressius
1130 1322 1244 1414 qualis
1259 1323 1421 1392 estiilius

219 1445 314 1506 tuus.
331 1438 374 1506 Et
397 1439 494 1506 Rubo
512 1460 520 1507 :
538 1439 684 1528 Respice
701 1439 738 1507 in
760 1462 817 1507 me
837 1444 872 1507 et
890 1437 1072 1508 considera
1092 1437 1282 1530 diligenter
1301 1440 1421 1508 omnia

217 1554 290 1621 mei
309 1554 468 1643 corporis
483 1554 715 1637 lineamenta;
727 1554 807 1623 talis
818 1560 871 1622 est
884 1555 979 1622 filius
994 1577 1107 1622 meus.
1118 1554 1162 1622 Et
1175 1554 1266 1623 dixit
1280 1556 1393 1647 Lepus
1411 1577 1418 1624 :

216 1668 330 1753 Certe,
351 1669 380 1737 si
406 1669 487 1738 talis
506 1676 559 1737 est
585 1671 680 1738 lilius
707 1676 802 1754 tuus,
825 1668 917 1737 nihil
938 1669 1045 1739 habet
1063 1670 1153 1738 inse
1173 1671 1421 1762 pulcritudinis

216 1807 282 1852 neo
302 1783 451 1876 dignum
471 1785 684 1854 dilectionis.

283 1899 373 1968 Hinc
393 1907 446 1968 est
464 1901 557 1992 quod
573 1899 728 1970 dicitur:

377 2044 410 2104 Si
425 2045 499 2123 quis
513 2049 602 2106 amat
614 2046 749 2119 Ranam,
767 2046 890 2107 ltanam
904 2050 999 2124 putat
1014 2062 1087 2106 esse
1102 2046 1258 2124 Dyanam.

508 2249 584 2302 mr.
612 2278 646 2289 -
666 2248 769 2320 pso,
799 2247 929 2304 bueus
957 2249 1004 2302 ur
1033 2247 1128 2318 sus]

658 2385 748 2445 Alia
768 2386 813 2445 de
837 2385 976 2445 eodem.

284 2521 353 2589 Leo
374 2543 443 2588 vna
456 2520 512 2590 die
527 2523 610 2590 feeit
625 2524 751 2591 ceteris
770 2522 984 2591 animalibus
1000 2523 1182 2613 solempne
1198 2524 1418 2606 conuiuium,

215 2642 252 2704 et
270 2634 368 2704 dedit
391 2638 489 2705 varia
511 2645 544 2706 et
563 2637 713 2706 delicata
737 2637 880 2707 cibaria.
907 2638 1086 2728 Completo
1106 2637 1215 2729 igitur
1239 2639 1418 2719 conuiuio,

216 2751 347 2840 Lupus,
369 2750 508 2821 rediens
528 2776 650 2823 versus
670 2753 815 2823 domum
831 2777 943 2839 suam,
966 2755 1096 2843 reperit
1113 2753 1220 2823 Suem
1243 2752 1422 2823 horridam

213 2888 296 2934 cum
316 2868 479 2956 porcellis
499 2870 585 2952 suis,
609 2876 653 2955 et,
672 2893 713 2939 ea
734 2871 897 2954 salutata,
914 2870 1003 2938 dixit
1025 2892 1033 2940 :
1056 2871 1130 2953 Dic,
1155 2868 1247 2937 bona
1267 2876 1422 2939 comater

213 3004 305 3065 mea,
329 3005 403 3051 non
426 2983 525 3052 suisti
552 2984 595 3053 ad
616 2984 710 3054 istud
732 2985 848 3055 nobile
867 2987 995 3054 festum
1022 2986 1172 3054 Leonis?
1196 2985 1387 3076 Respondit
1410 3007 1417 3055 :

213 3098 312 3180 Non;
341 3097 401 3166 sed
430 3100 487 3168 dic
509 3100 611 3184 mihi,
646 3108 835 3191 compater,
867 3103 979 3169 fuitne
1002 3101 1133 3186 nobile,
1162 3113 1200 3170 vt
1221 3101 1332 3170 dicis?
1356 3101 1420 3170 Cui

215 3214 360 3304 Lupus:
385 3215 436 3283 lta
457 3224 562 3299 certe,
589 3215 710 3286 nobile
732 3224 766 3285 et
790 3216 1047 3286 fertilissimum
1067 3218 1176 3287 variis
1200 3225 1235 3286 et
1262 3211 1420 3287 delicatis

213 3329 358 3398 cibariis
374 3331 554 3400 refertum.
569 3332 611 3401 Et
622 3331 785 3401 dixitSus
797 3355 806 3402 ε
818 3333 943 3402 Fuitne
959 3334 1052 3401 inter
1066 3334 1128 3401 illa
1136 3332 1420 3403 cibariadrasea?

212 3445 277 3514 Cui
294 3446 412 3535 Lupus
436 3469 444 3514 :
471 3448 532 3538 Fy,
550 3448 643 3516 absit
665 3447 745 3516 illa!
768 3449 895 3518 Totum
916 3449 1045 3517 festum
1061 3450 1238 3534 violasset,
1257 3451 1287 3518 si
1302 3450 1419 3518 alluis-

212 3568 277 3630 set.
300 3561 343 3629 Et
357 3562 424 3630 Sus
442 3583 449 3630 :
468 3564 566 3632 Certe
582 3574 617 3632 et
632 3586 696 3655 ego
712 3566 825 3656 magis
844 3565 1026 3655 appreeior
1040 3571 1074 3632 et
1088 3566 1296 3634 commendo
1312 3588 1418 3657 quam

212 3676 282 3744 alia
297 3678 431 3746 fercula
449 3680 589 3768 generis
610 3680 875 3771 cuiuscumque.

279 3793 380 3860 luxta
392 3793 479 3861 illud
494 3795 650 3885 vulgare,
664 3794 757 3886 quod
772 3796 851 3887 quis
866 3795 978 3886 magis
992 3803 1099 3880 amat,
1113 3797 1225 3887 magis
1239 3795 1369 3865 laudat.

456 4027 537 4104 LV.
563 4057 598 4066 -
621 4027 792 4098 [SCRABO
820 4029 869 4084 ΕΤ
896 4028 990 4084 EJUS
1018 4027 1149 4099 UXOR]

658 4165 746 4226 Alia
766 4165 812 4224 de
834 4168 973 4224 eodem.

279 4296 409 4366 Scrabo
424 4301 577 4391 quadam
592 4303 649 4371 die
665 4303 800 4371 volauit
819 4325 879 4395 per
894 4302 1086 4395 amigbolas
1104 4306 1151 4396 (l)
1167 4313 1202 4374 et
1216 4328 1339 4396 pomos
1353 4307 1417 4376 llo·

211 4418 342 4497 renteS,
365 4437 427 4503 per
445 4439 542 4485 rosas
565 4425 599 4485 et
617 4417 704 4502 lilia,
728 4441 790 4508 per
809 4441 951 4488 crocum
976 4424 1011 4488 et
1029 4420 1154 4506 violas,
1178 4429 1214 4491 et
1231 4421 1323 4491 nihil
1348 4423 1416 4492 sibi

264 4573 304 4646 (l)
323 4572 406 4630 Ainsi
421 4592 498 4649 pour
512 4578 683 4649 amendatos.
