3270 5626
382 508 428 557 ³18
616 500 767 553 ODONIS
793 501 844 553 nn
870 501 1081 554 cremona
1107 501 1355 555 PARABOLAE.

382 647 655 740 prohibitionem
681 647 718 714 in
738 645 884 714 domum
904 669 1006 714 suam
1025 645 1237 730 introduxit3
1258 645 1354 738 quod
1380 646 1508 730 sciens,
1528 671 1579 716 rex

382 763 535 856 prccc'pit
559 785 640 831 eum
669 762 849 852 suspendi.
871 761 1029 853 Cumque
1060 762 1247 831 duceretur
1275 761 1318 831 ad
1340 762 1577 854 suspendium,

382 878 541 948 obuiauit
566 876 706 946 cuidam
735 878 848 946 amico
871 901 948 962 suo,
977 878 1033 946 cui
1055 878 1209 946 multum
1235 879 1421 961 seruierat,
1449 886 1485 948 et
1513 880 1578 947 ait:

382 996 514 1076 Amice,
537 994 650 1062 recole
674 998 846 1085 quantum
865 1001 898 1061 te
919 992 1123 1076 dilexerim3
1146 1016 1225 1063 ecce
1247 993 1357 1063 ducor
1381 993 1424 1064 ad
1445 1017 1582 1086 suspeu-

381 1111 492 1194 dium,
508 1131 671 1178 succurre
691 1108 791 1176 mihi.
817 1108 885 1190 Qui
906 1108 1085 1201 respondit
1102 1130 1110 1177 :
1127 1109 1258 1192 Frater,
1276 1115 1472 1201 antequam
1490 1110 1579 1180 uiue

381 1250 448 1312 res,
472 1226 590 1318 plures
613 1223 718 1294 habui
738 1225 880 1305 amicos,
905 1232 939 1294 et
965 1233 1042 1315 post
1063 1231 1213 1294 mortem
1238 1231 1337 1294 tuam
1360 1247 1478 1295 nouos
1499 1224 1577 1294 mibi

382 1340 631 1433 multiplicabo.
651 1339 903 1409 Verumtamen
922 1342 1087 1409 misertus
1109 1341 1161 1410 tui
1181 1339 1270 1410 dabo
1289 1338 1355 1409 tibi
1370 1340 1461 1410 duas
1483 1342 1577 1412 ulnas

382 1459 461 1541 tele,
479 1456 607 1549 quibus
623 1463 783 1524 mortuus
800 1457 1009 1526 innotueris,
1026 1457 1150 1525 Postea
1166 1455 1327 1526 obuiauit
1340 1456 1445 1525 alteri
1460 1457 1578 1537 amico,

381 1575 437 1644 cui
453 1573 606 1641 multum
632 1572 815 1655 seruierat,
840 1579 874 1640 et
893 1573 966 1641 ait:
985 1572 1116 1656 Amice,
1139 1594 1218 1642 ecce
1242 1571 1354 1642 ducor
1373 1571 1417 1641 ad
1440 1596 1580 1663 suspen·

382 1688 493 1770 dium,
508 1710 671 1756 succurro
682 1687 783 1756 mihi.
798 1687 864 1768 Qui
875 1690 924 1756 ait
936 1709 943 1755 :
956 1687 1123 1757 Misereor
1133 1689 1184 1757 tui
1194 1711 1202 1772 3
1214 1694 1466 1758 ucrumtamen
1476 1712 1579 1781 usque

382 1804 425 1873 ad
440 1804 554 1874 turcas
570 1809 707 1872 tantum
722 1812 755 1872 to
771 1802 977 1873 conducam.
995 1804 1148 1873 Tandem
1164 1826 1245 1874 cum
1260 1803 1467 1895 perueniret
1481 1827 1579 1896 prope

383 1920 511 2004 turcas,
536 1918 686 1987 occurrit
711 1919 742 1987 ei
763 1918 908 2010 quidam
932 1920 1068 1990 amicus
1092 1920 1153 2011 qui
1177 1919 1289 1990 multa
1312 1919 1345 1989 ei
1371 1920 1578 2003 contulerat;

384 2036 444 2106 sed
470 2042 610 2127 propter
632 2034 777 2104 diuicias
801 2041 835 2104 et
860 2034 1003 2104 delicias
1035 2036 1152 2125 ipsum
1178 2035 1353 2105 obliuioni
1382 2035 1577 2105 tradiderat.

382 2151 645 2236 Verumtamen,
666 2150 709 2220 de
733 2150 808 2219 eius
829 2151 1044 2243 benignitate
1069 2158 1104 2220 et
1126 2150 1368 2221 misericordia
1392 2152 1578 2230 conlidens,

383 2269 432 2337 ait
448 2290 456 2338 :
474 2268 594 2336 Amice
609 2267 776 2359 piissime,
793 2290 871 2336 ecce
888 2289 1009 2335 omnes
1024 2267 1128 2336 amici
1144 2267 1215 2337 mei
1229 2267 1501 2359 dereliquerunt
1514 2290 1579 2341 mc:

384 2406 547 2452 succurre
563 2382 664 2452 mihi.
675 2384 738 2452 Cui
749 2384 883 2452 amicus
894 2405 901 2452 :
912 2382 1017 2452 Nullo
1032 2382 1108 2452 iure
1119 2381 1281 2452 deberem
1293 2382 1357 2452 tibi
1368 2404 1580 2453 succurrere.

385 2498 650 2583 Verumtamen,
673 2498 701 2567 si
716 2522 804 2589 puro
825 2497 928 2567 corde
944 2498 1222 2567 misericordiam
1238 2499 1491 2590 postulaueris,
1508 2499 1582 2590 quia

384 2614 486 2683 uideo
506 2621 539 2683 te
555 2614 597 2682 ab
612 2614 777 2683 omnibus
797 2615 919 2682 amicis
934 2614 1182 2704 destiltultum,
1197 2621 1238 2691 ‚te
1254 2637 1274 2682 a
1293 2615 1486 2707 suspendio
1505 2614 1583 2683 libc-

386 2732 481 2814 rabo,
504 2738 537 2799 et
556 2753 619 2821 pro
639 2738 672 2798 te
688 2729 914 2820 suspendium
935 2729 1126 2799 sustinebo.

452 2848 524 2914 ltex
539 2847 604 2914 iste
619 2852 671 2914 est
685 2847 787 2929 Deus,
801 2869 945 2937 pauper,
956 2844 1200 2938 unusquisque
1215 2853 1397 2930 nostrum;
1417 2844 1510 2916 bona
1524 2870 1581 2915 sua

386 2963 603 3051 temporalia,
626 2961 772 3029 uirtutes
793 2969 826 3028 et
846 2969 1063 3030 sacramenta
1082 2963 1248 3043 contulit3
1265 2960 1393 3029 domus
1417 2962 1493 3035 Dei.
1517 2986 1582 3031 cor-

386 3101 451 3169 pus
476 3084 636 3144 nostrum
652 3076 709 3145 uel
725 3079 859 3161 anima;
882 3077 1029 3159 inimici,
1051 3077 1230 3160 demones,
1253 3078 1393 3168 quibus
1412 3080 1498 3170 quia
1516 3102 1582 3147 cas-

387 3199 480 3260 trum
495 3193 630 3261 domini
647 3195 702 3260 sui
721 3193 876 3275 tradidit,
895 3194 998 3260 homo
1020 3194 1056 3261 in
1072 3194 1251 3262 internum
1267 3192 1389 3262 debuit
1408 3194 1579 3286 suspendi.

387 3307 525 3376 Primus
546 3308 679 3376 amicus
704 3310 772 3377 fuit
795 3310 949 3377 mundus
969 3315 1003 3375 et
1026 3308 1167 3389 diuicie,
1189 3332 1256 3399 que
1281 3308 1323 3377 ad
1345 3311 1581 3400 sepeliendum

387 3423 526 3514 exibent
541 3446 665 3514 parum
685 3424 765 3492 tole.
783 3425 964 3492 Secundus
984 3425 1117 3492 amicus
1138 3432 1222 3492 sunt
1240 3426 1412 3508 carnaleS,
1435 3428 1495 3517 qui
1517 3448 1582 3493 cor·

388 3563 452 3630 pus
467 3563 572 3608 suum
588 3564 697 3631 usquc
713 3540 755 3608 ad
772 3542 910 3609 foueam
925 3539 1069 3608 ducunt.
1084 3540 1226 3608 Tercius
1241 3547 1294 3608 est
1308 3541 1404 3608 filius
1421 3542 1497 3615 Dei.
1514 3541 1579 3632 qui.

387 3657 495 3725 nullis
507 3657 639 3724 moritis
651 3656 1186 3747 exigentibuspronobiscrucis
1201 3657 1579 3747 suspendiumsubiuil.

619 3871 815 3926 cxxxvrll.
837 3872 939 3925 -DE
966 3871 1136 3936 QUODAM
1161 3871 1360 3927 UNICORNI

738 3970 786 4023 ET
814 3968 983 4033 QUODAM
1011 3969 1237 4040 dealbati).

454 4129 579 4197 Narrat
608 4127 805 4196 Bernardus
840 4126 933 4218 quod
962 4126 1106 4218 quidam
1143 4129 1326 4196 unicornis
1355 4129 1510 4219 quadam
1538 4127 1582 4194 die

388 4245 564 4336 quondam
582 4244 762 4312 hominem
783 4250 923 4312 secutus
941 4250 992 4311 est
1011 4249 1051 4311 ut
1067 4267 1147 4313 eum
1165 4243 1390 4326 interficeret,
1408 4247 1468 4314 cui
1484 4243 1582 4313 nichil

443 4415 480 4486 (1)
505 4417 645 4470 Domtntro
669 4426 722 4470 ..ca
740 4421 803 4484 post
823 4415 947 4469 octabam
974 4417 1154 4482 Pentecostes,
1175 4413 1325 4470 secundum
1345 4416 1481 4477 Laetam,
1508 4418 1581 4471 ,circ

389 4534 424 4543 —
445 4506 517 4558 Cum
535 4505 800 4575 appropinquasset
820 4503 921 4558 llresus
940 4502 1176 4565 lherosolimam,
1190 4504 1297 4560 uidens
1319 4504 1487 4569 ciuitatem,
1512 4503 1583 4560 lleuit

390 4608 480 4662 super
492 4593 582 4648 illam.
