3270 5626
344 479 392 529 26⁴
557 475 728 527 NICOLAI
754 476 887 527 BOZON
913 476 1112 527 Exuurta
1139 474 1336 535 QUAEDAM.

345 627 424 689 nete
439 643 513 688 vos.
530 618 609 687 Non
630 618 716 687 dicit
737 639 744 686 :
766 619 899 710 Pugna,
917 618 977 688 sed
996 641 1003 686 :
1026 619 1134 711 Fuge,
1158 619 1273 687 sciens
1287 616 1383 709 quod
1402 616 1548 687 difficile

258 760 262 767 ¹
345 741 399 803 est
421 734 463 803 de
482 733 648 802 manibus
669 755 793 802 eorum
816 735 936 825 fugere
963 756 1026 803 seu
1051 732 1213 816 evadere,
1235 733 1306 801 nisi
1326 733 1408 824 quis
1428 733 1547 824 fugam

344 851 497 920 voluerit
512 832 651 940 oapdre3
670 849 762 917 sicut
775 847 858 917 dicit
873 848 1038 917 Salomon
1055 848 1102 940 (1)
1120 869 1128 916 :
1145 847 1297 917 Vincula
1312 870 1442 917 manus
1457 848 1544 939 ejus,

345 965 380 1035 id
399 973 453 1035 est
471 964 646 1034 mulieris.

412 1081 544 1150 Fabula
562 1081 606 1150 ad
625 1081 689 1148 hoc
709 1079 751 1149 dc
771 1081 868 1171 Lupo
888 1082 962 1171 qui,
984 1081 1130 1150 obvians
1149 1079 1289 1172 Lepori,
1312 1081 1402 1150 dixit
1424 1104 1433 1150 ε
1456 1081 1545 1163 Quid

346 1197 431 1266 iacis
445 1200 506 1265 tu?
521 1196 588 1265 Ubi
603 1197 775 1265 moraris?
790 1196 889 1266 Unde
904 1197 1038 1266 servis?
1052 1197 1166 1278 Quare
1182 1197 1275 1265 inter
1293 1197 1364 1266 alia
1378 1198 1546 1266 animalia

346 1336 419 1381 non
443 1313 557 1382 vivis?
577 1312 628 1379 Tu
653 1334 794 1402 semper
817 1313 945 1396 latitare,
967 1313 1069 1404 quasi
1096 1313 1205 1381 miser
1224 1320 1257 1381 et
1280 1336 1404 1382 vecors
1428 1312 1543 1382 corde.

345 1428 493 1511 -Non,
515 1428 605 1496 dixit
623 1427 729 1496 alius.
747 1428 877 1496 Tecum
892 1450 1049 1519 pugnare
1068 1428 1161 1511 volo,
1179 1436 1214 1496 et
1228 1429 1265 1496 in
1281 1429 1347 1498 hoc
1361 1428 1545 1499 ostendam

346 1543 528 1613 audaciam
548 1565 676 1612 meam.
694 1583 738 1595 -
752 1544 798 1611 A!
820 1542 910 1611 dixit
930 1545 1060 1634 Lupus,
1077 1566 1242 1636 magnam
1262 1543 1463 1614 mercedem
1482 1545 1544 1613 tihi

346 1658 448 1743 debe,
466 1661 496 1726 si
520 1659 612 1750 quod
630 1659 836 1749 promiseris
856 1659 1004 1750 implere
1024 1659 1191 1728 volueris.
1208 1660 1261 1729 Ad
1276 1682 1383 1751 quem
1405 1661 1543 1752 Lepus:

346 1774 473 1842 Videas
493 1796 550 1842 me
565 1774 624 1843 hic
637 1780 814 1865 paratum.
837 1775 880 1843 Et
898 1798 979 1844 cum
994 1775 1061 1844 hoc
1080 1776 1171 1867 cepit
1186 1777 1319 1867 fugere.
1337 1816 1382 1827 -
1396 1775 1444 1845 A!
1461 1776 1545 1868 quid

348 1897 401 1960 est
415 1889 504 1958 hoc?
518 1889 609 1958 dixit
624 1891 758 1980 Lupus3
777 1913 914 1982 pugnas
929 1897 968 1960 tu
984 1890 1175 1983 fugiendo?
1191 1932 1236 1942 —
1250 1891 1313 1976 lta,
1335 1891 1428 1961 dixit
1441 1892 1544 1963 alius.

347 2005 422 2074 Tali
441 2004 545 2074 modo
564 2005 697 2074 multos
717 2007 908 2097 leporariae
928 2007 996 2075 vici
1016 2013 1051 2075 et
1064 2007 1248 2076 victoriam
1268 2008 1421 2098 optinui.

413 2120 494 2189 ldeo
509 2122 767 2212 unusquisque,
784 2121 908 2191 volens
921 2129 1042 2191 contra
1061 2129 1241 2214 peccatum
1257 2124 1444 2194 victoriam
1459 2125 1548 2217 opti-

347 2258 444 2321 nere,
466 2237 577 2329 iugiat
597 2238 779 2307 consorcia
802 2238 1029 2323 feminarum,
1050 2245 1116 2307 eto.

401 2442 438 2514 (t)
453 2443 637 2509 Ecclesiastes,
650 2445 736 2509 C.vr1,
749 2459 775 2500 v.
784 2445 827 2498 27.
