3270 5626
377 473 424 523 336
609 468 759 521 ODONlS
786 469 836 521 ΒΕ
864 469 1076 521 CERITONA
1102 470 1352 531 PARABOLAE.

379 622 432 684 ret
443 621 615 705 apertum,
632 614 761 682 diceret
777 614 824 705 (l)
849 634 856 681 :
887 614 1066 704 Numquid
1083 614 1137 683 uis
1161 637 1217 684 me
1231 615 1417 685 mordere?
1433 618 1470 686 Si
1487 618 1575 686 clau·

379 754 458 801 sum
475 753 482 798 :
499 729 701 822 Numpquid
721 753 776 798 me
795 729 850 797 uis
870 729 1045 798 osculari?

427 952 429 958 ¹
502 962 662 1019 CLXXXI.
683 963 788 1017 -DE
815 962 1023 1019 MbGlSTRO
1051 963 1288 1020 PdeSlENSl
1316 964 1460 1020 TllOllA

721 1059 769 1115 ET
796 1060 890 1115 EJUS
920 1060 1162 1116 EXECUTORE
1187 1059 1236 1133 (2).

443 1220 553 1304 Vnde,
575 1242 655 1289 cum
675 1218 819 1311 quidam
839 1220 1006 1310 magister
1025 1220 1233 1289 parisiensis
1253 1221 1401 1289 nomine
1431 1220 1576 1290 Thomas

378 1361 458 1409 cum
469 1337 684 1419 infirmitate,
706 1359 776 1426 qua
795 1341 914 1424 postea
928 1335 1027 1418 obiit,
1049 1335 1204 1404 Parisius
1214 1335 1455 1428 egrederetur,
1473 1360 1576 1427 queu-

380 1454 460 1524 dam
475 1454 684 1545 magistrum
700 1453 839 1544 rogauit
858 1458 932 1520 ute
951 1451 1120 1520 diuitibus
1134 1451 1335 1542 adquireret
1354 1452 1451 1521 unde
1470 1451 1575 1522 debite

286 1607 288 1610 ·
379 1594 443 1639 suu
457 1568 683 1659 persolueret.
701 1568 788 1636 Cum
803 1590 888 1636 uero
904 1573 1069 1636 executor
1083 1590 1155 1635 non
1171 1567 1343 1636 soluendo
1358 1568 1575 1660 negligenter

378 1686 519 1776 egisset,
536 1683 644 1752 semel
663 1689 698 1751 et
711 1682 840 1751 iterum
856 1683 1019 1774 apparuit
1033 1681 1064 1751 ei
1080 1689 1254 1752 mortuus
1272 1683 1387 1751 Vinus
1402 1706 1488 1775 ergo
1503 1707 1576 1776 que

378 1800 475 1870 rebat
489 1798 532 1867 ab
547 1821 588 1867 eo
601 1798 753 1889 qualiter
767 1821 803 1867 se
819 1798 974 1867 heberet.
992 1797 1182 1890 Respondit
1196 1805 1356 1867 mortuus
1369 1800 1468 1890 quod
1481 1799 1573 1884 bene,

378 1917 408 1984 si
427 1937 507 1984 eum
528 1938 548 1984 a
570 1915 725 1982 uinculis
744 1914 908 1997 solueret,
930 1920 966 1982 et
983 1913 1032 1982 sic
1052 1913 1233 2004 disparuit.
1255 1914 1369 1984 Viuus
1383 1939 1485 1999 uero,
1501 1916 1574 2008 quia

377 2031 537 2101 noudum
552 2037 667 2099 certus
682 2036 756 2098 erat
771 2028 812 2097 de
828 2028 955 2119 quibus
970 2027 1123 2098 uinculis
1139 2029 1205 2098 hoc
1220 2030 1449 2122 intelligeret,
1463 2039 1573 2101 tamen

378 2148 575 2237 suspicatus
595 2151 648 2214 est
673 2144 767 2235 quod
792 2144 834 2213 dc
850 2145 1005 2214 uinculis
1024 2145 1223 2214 debitorum
1244 2146 1483 2237 [loqueretur;
1509 2146 1572 2237 sed]

378 2261 494 2330 debita
512 2284 583 2329 non
603 2262 720 2329 soluit.
743 2260 861 2328 Tercio
881 2260 1043 2350 apparuit
1066 2268 1240 2345 mortuus
1257 2262 1357 2331 flexis
1376 2264 1524 2354 genibus
1543 2269 1573 2330 et

377 2379 507 2447 uinctis
529 2375 705 2457 manibus,
735 2377 792 2466 [et]
821 2374 914 2466 quod
939 2377 1057 2466 ipsum
1075 2377 1239 2449 ¹uinculis
1267 2378 1423 2447 solueret
1451 2379 1573 2469 suppli·

377 2493 481 2562 cauit.
504 2492 572 2574 Qui
594 2515 674 2561 cum
696 2497 901 2583 quereretur
926 2491 1105 2582 aquibus,
1129 2492 1310 2582 respoudit
1335 2501 1499 2563 mortuus
1520 2495 1571 2561 :A

378 2608 503 2677 debitis
518 2606 646 2698 quibus
661 2628 739 2674 sum
759 2605 944 2697 obligatus,
963 2614 996 2674 et
1011 2607 1129 2674 statim
1144 2609 1298 2677 recessit.
1321 2608 1436 2677 Viuus
1461 2609 1568 2678 statim

377 2723 493 2792 debite
513 2724 631 2791 soluit.
649 2721 747 2790 Vnde
772 2727 932 2790 mortuus
953 2728 1072 2811 postea
1090 2723 1122 2791 ei
1137 2705 1209 2791 uon
1225 2726 1400 2814 apparuit.

525 2954 700 3010 clxxxtr.
726 2954 834 3007 -DE
864 2954 1032 3017 QUODAM
1060 2956 1237 3012 CLERlCO
1266 2957 1425 3012 FLENTE

698 3052 744 3106 ET
772 3052 932 3105 ABBATE
961 3052 1182 3109 BEllNllllDO
1207 3056 1215 3126 (
1236 3055 1257 3125 ).

444 3203 593 3283 Quidam
609 3204 752 3271 clericus
768 3203 828 3292 qui
846 3204 882 3268 iu
899 3203 1019 3269 multis
1035 3204 1241 3295 deliquerat,
1256 3205 1419 3272 abbatem
1433 3207 1566 3274 Bernar-

378 3318 473 3401 dum,
490 3324 527 3384 ut
547 3318 686 3400 dicitur,
709 3317 831 3398 adiuit,
855 3323 893 3385 ut
914 3325 1052 3407 peccata
1068 3321 1099 3386 ei
1115 3321 1359 3395 confiteretur:
1374 3321 1434 3389 sed
1452 3324 1489 3388 in
1504 3330 1567 3389 tau-

378 3441 452 3501 tum
466 3435 563 3502 sseuit
574 3434 666 3523 quod
682 3432 832 3501 uerbum
845 3435 1000 3523 prolerre
1015 3458 1086 3502 uon
1100 3435 1363 3524 potuitbbbaS,
1377 3439 1566 3529 intelligens

377 3550 469 3640 quod
491 3550 649 3618 confiteri
674 3550 798 3634 uoluit,
822 3551 976 3639 precepit
999 3551 1093 3640 quod
1118 3551 1262 3620 domum
1279 3561 1525 3635 reuerteretur,
1541 3559 1566 3618 et

378 3672 517 3755 peccata
536 3690 600 3734 sue
619 3665 787 3733 scriberet
809 3670 992 3732 etcertum
1017 3665 1083 3733 sibi
1109 3673 1272 3756 portaret.
1292 3667 1370 3748 Quo
1391 3670 1494 3751 facto,
1510 3668 1565 3735 cle·

378 3781 469 3848 ricus
489 3788 620 3850 cartam
641 3783 767 3871 inqua
788 3786 926 3868 peccata
941 3781 1126 3871 scripserat
1145 3782 1261 3850 abbati
1283 3784 1441 3852 tradidit.
1465 3783 1564 3852 Abbas

377 3894 490 3986 legere
506 3897 630 3964 uolens
645 3897 765 3964 omnia
780 3895 892 3963 deleta
912 3896 1062 3963 inuenit.
1084 3896 1200 3965 Abbas
1216 3900 1369 3988 quesivit
1389 3902 1418 3967 si
1442 3904 1563 3990 peccatu

378 4012 414 4078 in
435 4036 475 4080 ea
494 4019 588 4080 carta
605 4012 755 4101 scripsit.
774 4010 841 4092 Qui
859 4012 907 4077 ait
928 4011 1019 4100 quod
1040 4013 1101 4079 sic.
1115 4012 1242 4098 Abbas.
1267 4014 1470 4105 intelligens
1485 4009 1561 4105 quod

431 4201 470 4272 (1)
493 4201 573 4256 Ainsi
589 4217 664 4271 pour
680 4216 686 4253 :
701 4198 819 4253 dicebat.

432 4288 469 4359 (2)
491 4291 582 4344 Merne
596 4305 724 4344 scrrnou.

432 4378 469 4448 (3)
489 4380 632 4432 Domintcu
659 4379 765 4448 exest.
786 4383 849 4447 post
878 4376 1003 4431 octabam
1027 4379 1225 4448 Pentbccostes,
1243 4381 1392 4436 secundum
1416 4381 1556 4438 Mottiana·

380 4467 476 4536 ‚cnij⁰.
493 4498 528 4506 -
547 4467 694 4523 Abeuntes
712 4466 841 4537 pharisei
863 4464 1019 4521 eonsilium
1042 4469 1183 4538 inierunt,
1199 4475 1232 4524 ut
1253 4478 1395 4541 caperent
1416 4472 1523 4526 llresum
1536 4464 1556 4516 ir

377 4570 524 4611 sermone.
