3270 5626
585 494 816 548 conoberto
843 494 1045 548 SECUNDA.
1369 495 1415 544 389

212 634 296 704 dum
311 634 400 726 (sic),
411 642 477 704 etc.
490 637 532 704 Et
540 637 626 706 alibi
637 614 785 708 dicitu'r:
799 639 867 721 Qui
880 638 1037 708 babitare
1050 639 1136 707 lacit
1144 638 1328 706 unanimes
1337 637 1415 728 (sic)

213 751 249 818 in
263 750 368 819 domo
390 750 451 842 (1).
469 751 561 821 Caue
574 776 669 844 ergo,
683 761 855 846 quantum
872 761 981 844 potes,
993 777 1038 823 ne
1050 759 1147 822 extra
1162 752 1417 822 hanc.domum

214 867 411 934 iuuenioris
431 873 465 936 et
484 868 758 959 comprehendat
772 877 806 938 te
824 870 948 952 Draco,
971 871 1030 937 ille
1046 891 1190 959 serpens
1206 867 1415 958 antiqululs,

212 989 248 1050 et
261 981 408 1050 deuoret
421 989 467 1064 te,
482 984 573 1051 sicut
589 984 723 1067 ludam,
733 986 807 1076 qui,
825 1008 907 1054 mox
921 992 959 1054 vt
973 985 1117 1053 exiuita
1132 985 1281 1052 Domino
1296 989 1331 1052 et
1348 985 1364 1051 f
1402 1023 1418 1035 ·

214 1096 329 1167 tribus
346 1099 421 1166 eius
438 1100 617 1190 apostolis,
631 1101 751 1168 statim
773 1099 950 1169 adiabolo
973 1099 1163 1170 deuoratus
1182 1106 1237 1168 est
1255 1100 1417 1189 etperiit.

263 1329 310 1384 lll
335 1330 436 1403 (XCI).
461 1363 495 1373 -
519 1332 723 1397 QUlLlTEll
752 1333 952 1390 llUSTlCUS
981 1332 1204 1389 lb'UlTATUS
1231 1333 1325 1389 FUIT
1348 1334 1371 1387 ll

511 1429 668 1486 DOllth)
696 1431 772 1487 SUO
803 1432 854 1487 Ab
883 1431 1125 1487 CONlllUIUbl.

282 1570 433 1653 Quidam
462 1573 616 1641 rusticus
642 1574 815 1642 inuitatus
836 1574 905 1642 fuit
925 1597 946 1642 a
969 1572 1111 1642 domino
1141 1595 1206 1641 suo
1229 1571 1273 1641 ad
1297 1572 1422 1641 conui-

215 1687 317 1755 uium
339 1686 471 1770 nobile,
494 1694 528 1757 et
547 1688 688 1779 quando
707 1691 805 1758 venit
824 1689 867 1758 ad
886 1695 1004 1780 portas
1018 1688 1145 1757 domus
1169 1687 1317 1771 domini,
1334 1685 1423 1755 vidit

213 1824 344 1894 aquam
360 1803 536 1893 putridam
556 1806 594 1872 in
609 1805 731 1887 fouea;
749 1813 795 1890 et,
811 1806 896 1898 quia
918 1804 1178 1896 aliquantulum
1200 1805 1286 1887 sitit,
1304 1803 1346 1872 de
1361 1802 1424 1871 illa

168 1952 172 1963 ·
214 1940 308 2010 aqua
331 1919 472 2008 putrida
492 1926 655 1989 ventrum
676 1921 749 2011 (sic)
772 1943 876 1989 suum
899 1920 1062 2011 impleuit
1081 1919 1185 2003 vnde,
1203 1920 1286 1988 licet
1308 1919 1423 1988 socius

215 2035 292 2103 eius
307 2034 440 2103 diceret
455 2035 542 2104 sibi:
559 2036 693 2118 Frater,
710 2035 897 2127 prandium
913 2043 948 2106 et
959 2038 1083 2104 vinum
1096 2036 1271 2125 optimum
1286 2033 1425 2124 parauit

215 2148 281 2218 tibi
306 2149 489 2233 dominus;
508 2151 586 2220 ideo
606 2152 648 2220 ab
673 2153 741 2220 ista
760 2152 946 2244 putredine
966 2158 999 2220 te
1021 2151 1208 2221 abstineas.
1231 2151 1291 2219 Set
1309 2151 1425 2218 noluit

216 2263 407 2334 dimittere.
434 2265 522 2335 Cum
548 2274 760 2358 peruentum
782 2268 889 2336 fuerit
917 2267 960 2336 ad
985 2267 1185 2359 prandium,
1214 2265 1256 2335 de
1280 2266 1424 2356 optimis

216 2381 361 2450 cibariis
380 2405 520 2451 sumere
540 2406 611 2452 non
631 2385 757 2475 potuit,
775 2391 829 2453 set
847 2406 964 2453 coram
980 2382 1146 2452 omnibus
1161 2404 1289 2474 aquam
1310 2382 1424 2472 putri·

220 2495 303 2565 dam
315 2499 486 2568 euomuit.

283 2612 430 2682 Mistice.
446 2614 496 2682 lta
511 2616 548 2683 in
568 2617 721 2705 presenti
733 2616 877 2707 quidam
896 2622 1047 2685 vtuntur
1063 2614 1201 2684 deliciis
1215 2613 1421 2696 fetentibus,

219 2735 269 2812 vt,
290 2751 372 2798 cum
396 2737 607 2819 peruentum
631 2732 767 2799 fuerint
787 2731 830 2799 ad
852 2754 976 2801 cenam
997 2732 1151 2815 Domini,
1168 2731 1289 2797 miseri
1306 2751 1426 2819 peeca-

219 2852 312 2913 tores
331 2844 375 2913 de
395 2844 457 2913 illa
471 2853 612 2937 gustare
632 2854 825 2939 nequeunt,
843 2856 895 2917 set
915 2849 1030 2938 potius
1045 2846 1302 2937 turpitudinem
1318 2866 1426 2935 quam

218 2962 371 3051 turpiter
383 2961 561 3045 biberunt,
576 2965 780 3054 turpissime
800 2986 918 3033 coram
933 2963 1099 3032 omnibus
1119 2963 1258 3042 eicient,
1275 2961 1346 3029 nisi
1362 2982 1427 3049 per

220 3076 434 3146 medicinam
458 3079 654 3168 penitencie
677 3081 714 3147 in
739 3081 891 3170 presenti
914 3080 1045 3149 luerint
1064 3079 1216 3171 purgati.
1239 3076 1338 3145 Vnde
1359 3077 1426 3145 Do-

220 3194 339 3261 minus
360 3216 421 3283 per
441 3195 626 3262 leromiam
646 3195 718 3283 (sic)
739 3196 785 3285 (2)
807 3216 815 3262 :
837 3195 928 3276 Quid
948 3195 1012 3263 tibi
1036 3196 1091 3262 vis
1115 3197 1152 3262 in
1167 3195 1223 3262 via
1245 3192 1362 3285 Egipti
1389 3198 1427 3261 vt

221 3308 320 3378 bibas
334 3332 463 3400 aquam
483 3308 671 3400 putridam,
689 3313 802 3380 autin
819 3313 876 3379 via
894 3311 1111 3379 Assiriorum
1125 3322 1162 3377 vt
1177 3309 1277 3378 bibas
1295 3330 1424 3398 aquam

221 3425 402 3494 lluminis‘?
417 3425 454 3493 ld
469 3434 521 3494 est
535 3427 571 3493 in
593 3428 649 3495 via
664 3427 789 3495 muudi
805 3434 839 3496 ot
852 3426 1044 3495 demonum
1059 3427 1172 3494 autin
1185 3426 1244 3493 via
1257 3425 1426 3492 vitiorum

222 3548 257 3609 et
283 3541 515 3632 voluptatum,
537 3567 605 3634 que
632 3550 714 3610 sunt
740 3566 831 3634 aque
855 3541 994 3632 putride
1014 3541 1214 3609 delectarle.
1240 3541 1360 3608 Potius
1385 3537 1427 3606 ab

221 3658 358 3726 illicitis
373 3657 625 3735 abstineamus,
640 3666 677 3727 vt
689 3658 767 3728 cibo
787 3660 995 3750 angelorum
1008 3656 1115 3725 variis
1134 3656 1271 3725 deliciis
1286 3654 1428 3724 condito

223 3774 319 3843 retici
340 3773 532 3842 valeamus.

384 3989 425 4043 1v
454 3989 570 4060 (xcii).
597 3990 704 4046 -ua
731 3989 915 4048 uucrnan
940 3989 1021 4045 uon
1051 3988 1267 4044 conrasas

618 4089 928 4144 succurramus
952 4088 1037 4143 SUA.

293 4229 439 4313 Quando
469 4230 598 4298 mulier
627 4230 776 4299 delicata
811 4253 881 4299 non
914 4236 967 4299 ost
997 4235 1161 4298 contenta
1192 4225 1430 4318 pulcritudine

227 4369 333 4438 quam
354 4345 421 4414 sibi
439 4345 531 4413 Deus
546 4346 708 4428 contulit,
731 4347 810 4436 plus
829 4347 907 4414 vult
925 4347 1037 4414 lacere
1057 4368 1163 4436 quam
1184 4344 1276 4412 Deus
1294 4342 1428 4422 lecerit,

281 4517 320 4589 (l)
340 4517 509 4572 Psalmorum
525 4516 604 4583 tiber,
621 4519 650 4571 C.
668 4535 735 4583 cxrr,
749 4535 775 4573 r.
790 4522 816 4572 9.

280 4606 319 4677 (2)
334 4607 428 4677 Voyez
442 4604 470 4662 la
486 4607 643 4676 Prophetie
659 4606 845 4674 anseromia,
858 4610 888 4662 (2.
905 4623 934 4675 rr,
947 4624 973 4662 v.
991 4607 1034 4662 la.
