3270 5626
565 487 751 540 FABULAE.
778 519 782 523 ‚
1214 489 1261 538 433

51 633 173 725 rapuit
200 632 318 722 pullos
346 631 474 721 Aquila
500 638 534 698 et
562 630 759 699 deuorauit.
782 629 929 719 Insuper
953 630 1065 720 ipsam
1093 630 1259 721 Aquilam

51 748 300 840 multipliciter
318 747 540 815 infestauit...
555 748 617 837 (t).
634 744 827 836 Respondit
840 746 994 814 Coruus:
1012 745 1187 827 Quamdiu
1207 749 1261 816 vi-

51 865 149 947 disti,
166 887 238 932 non
254 863 351 955 potui
362 885 418 930 me
430 862 472 930 de
488 869 521 930 te
537 861 715 930 vindicare
730 884 795 929 nec
811 862 916 928 etiam
934 861 1051 950 pullos
1065 860 1260 931 tuosdeuo·

53 1002 145 1048 rare.
160 979 261 1047 Nunc
280 986 399 1046 autem
415 978 453 1045 in
468 977 633 1045 omnibus
653 975 828 1067 compleui
844 983 966 1044 votum
982 998 1114 1044 meum.

124 1095 197 1163 lloc
217 1094 305 1163 bene
325 1093 555 1183 verificat(ur)
575 1092 664 1161 illud
683 1093 826 1161 bleneee
846 1092 893 1182 (2)
913 1112 920 1160 :
940 1090 1029 1160 Male
1050 1115 1168 1161 secum
1189 1095 1261 1185 agit

55 1231 152 1302 eger,
169 1211 231 1302 qui
251 1209 428 1278 medicum
450 1208 517 1276 sibi
533 1208 659 1298 accipit
669 1231 783 1276 suum
796 1208 946 1275 hostem.

149 1451 211 1506 xc.
241 1481 276 1490 -
305 1450 392 1521 [neo
421 1450 568 1515 senex,
592 1449 714 1516 aran,
739 1449 900 1504 rienes
928 1449 977 1504 nr
1004 1449 1174 1520 asinus]

501 1621 591 1680 Alta
611 1623 657 1680 de
679 1622 818 1680 eodem.

127 1798 207 1878 Lac,
230 1803 398 1887 grauatus
423 1800 513 1862 etate
534 1802 569 1862 et
587 1794 757 1878 febribus,
780 1794 913 1863 iacebat
937 1796 1102 1885 spiritum
1120 1797 1263 1865 trahens

59 1919 271 1980 extremum.
284 1910 496 2000 Superuenit
511 1910 603 2000 Aper
618 1932 786 1998 spumans
805 1909 983 1991 dentibus,
999 1917 1153 1979 veterem
1174 1913 1263 1980 iram

59 2026 290 2118 ellflundens.
308 2026 441 2095 Taurus
461 2025 628 2094 cornibus
648 2026 804 2115 cor[p]us
824 2026 900 2092 eius
920 2023 1076 2116 vndiquo
1096 2026 1261 2096 confodit.

61 2144 193 2212 Asinus
220 2141 368 2233 pedibus
395 2143 468 2210 suis
495 2164 575 2210 eum
598 2142 747 2209 attriuit.
771 2141 813 2208 Et
836 2140 925 2208 dixit
943 2141 1002 2208 vix
1025 2143 1164 2232 spirans
1182 2165 1264 2211 cum

60 2259 196 2352 gemitu
219 2280 226 2326 :
249 2258 346 2326 Heu!
373 2280 453 2325 oum
476 2263 568 2325 esset
592 2256 717 2338 virtus,
744 2262 819 2323 erat
843 2253 972 2336 h0n0r;
1000 2256 1065 2324 fuit
1090 2264 1124 2325 et
1144 2260 1262 2342 timor,

61 2377 172 2444 immo
187 2380 222 2442 ot
240 2374 361 2463 opinio
380 2396 460 2442 mea
474 2372 602 2441 terruit
620 2372 751 2461 plures.
774 2370 1025 2439 Deficientibus
1044 2379 1162 2440 autem
1179 2375 1265 2441 viri-

61 2491 140 2572 bus,
162 2489 279 2558 delicit
293 2489 417 2556 honor,

129 2605 196 2674 llic
215 2605 417 2673 verificatur
432 2600 522 2670 illud
538 2602 668 2686 Boecii,
686 2602 776 2671 libro
791 2602 833 2671 de
849 2605 1095 2674 Consolatione
1111 2605 1266 2696 philoso-

63 2720 145 2810 phie
161 2744 210 2805 111,
234 2721 349 2811 [prosa
365 2720 396 2810 5]
414 2740 422 2787 :
440 2718 553 2799 Quem
566 2718 716 2786 felicitas
735 2720 890 2788 amicum
910 2722 1005 2804 facit,
1029 2722 1264 2790 infortunium

63 2837 147 2905 facit
165 2836 364 2904 inimicum.

154 3060 230 3114 XLI.
257 3088 292 3099 -
319 3058 447 3129 latiis,
474 3057 776 3123 QUADRUPEDES
804 3060 852 3114 ET
879 3061 1177 3135 vespertino]

342 3233 395 3290 ne
417 3229 641 3290 infidelitate
663 3230 701 3289 et
721 3230 985 3292 inconstantia.

133 3393 384 3486 Quadrupedes
404 3399 591 3486 gesserunt
610 3393 743 3461 bellum
763 3417 843 3462 cum
868 3395 1017 3465 Auibus.
1044 3398 1266 3491 Vespertilio,

66 3511 192 3582 dubios
216 3516 255 3580 et
278 3534 405 3603 graues
425 3517 575 3578 euentus
596 3507 780 3577 attendens
805 3517 838 3578 et
862 3512 973 3579 aciem
994 3513 1267 3606 Quadrupedum

66 3629 237 3697 maiorem
256 3626 392 3709 videns,
414 3625 565 3694 contulit
588 3647 624 3693 se
646 3624 689 3693 ad
718 3624 798 3693 illos
818 3627 918 3717 quasi
938 3627 981 3695 ad
1005 3629 1198 3714 vincentes,
1220 3639 1267 3714 ct,

66 3744 183 3812 subite
202 3741 282 3833 (rie)
296 3739 519 3809 vincentibus
538 3739 686 3823 auibus,
709 3741 826 3808 iunxit
844 3765 880 3810 se
901 3742 983 3810 illis.
1007 3744 1160 3814 Tandem
1175 3750 1269 3837 paci-

67 3859 212 3928 ficatum
237 3864 289 3926 est
314 3857 406 3924 inter
430 3861 558 3946 partes
581 3855 790 3945 Vespcrtilio
812 3857 920 3948 igitur
937 3860 1070 3927 Auium
1095 3864 1268 3931 sententia

65 3973 344 4063 condempnatus
373 3977 426 4039 est
453 3995 515 4062 pro
543 3994 583 4038 eo
608 3969 701 4061 quod
725 3995 806 4040 suos
835 3973 1035 4064 reliquisset
1062 3983 1096 4044 et
1127 3978 1268 4067 plonius

67 4088 326 4179 exlslpoliatus,
347 4095 395 4167 rt,
414 4089 529 4156 lucem
545 4086 698 4176 fugiens,
716 4086 878 4155 noctibus
897 4089 1022 4159 mediis
1042 4092 1187 4161 volaret.

134 4205 193 4273 Sic
210 4225 350 4296 quoque
366 4204 427 4294 qui
448 4201 583 4271 duabus
605 4200 764 4290 partibus
780 4225 816 4270 se
830 4202 1023 4274 obnoxium
1039 4210 1268 4294 commiserit,

68 4319 153 4389 hinc
172 4319 254 4387 inde
273 4320 433 4409 ingratus
448 4325 483 4386 et
497 4316 638 4386 odiosus
652 4317 753 4385 viuit.

123 4488 162 4561 (1)
176 4488 216 4544 lci
230 4488 258 4544 le
271 4489 382 4559 copiste
397 4504 416 4543 a
429 4487 506 4543 ornis
519 4485 561 4540 les
574 4486 734 4556 reproclres
749 4486 785 4543 de
800 4488 909 4561 migra.

123 4578 163 4651 (2)
181 4577 265 4634 Ainsi
277 4579 422 4648 peutetre
436 4592 510 4648 pour
524 4577 640 4631 Seneca
