3270 5626
394 497 440 545 ros
477 493 629 545 ODONlS
656 494 837 547 FABULIS
864 494 1030 553 suumn,
1060 491 1288 543 contremo
1315 492 1514 545 sacuam.

394 645 528 722 turum,
545 643 609 705 otc.
628 637 728 705 Vnde
744 638 876 706 Paulus
890 637 933 707 ad
948 636 1171 706 Corinthios:
1189 635 1226 703 Si
1242 635 1442 705 secuudum
1458 659 1573 706 earnem

395 752 564 836 vixeritis,
586 751 805 837 moriemini;
832 754 860 820 si
886 753 1012 843 spiritu
1032 753 1124 821 iacta
1144 752 1262 819 carnis
1281 753 1574 822 mortificaueritis.

394 869 523 938 viuetis
540 867 599 958 (l).

600 1094 682 1149 xxv
706 1093 845 1165 (eruo.
870 1123 906 1134 -
934 1093 995 1165 [aa
1026 1093 1121 1148 vrao
1147 1092 1196 1148 ur
1223 1091 1386 1163 vxonn]

878 1247 1106 1319 Exemplum.

459 1404 591 1473 Seneca
619 1402 705 1471 dicit
732 1402 837 1493 quod,
866 1424 947 1471 cum
981 1400 1126 1494 quidam
1154 1400 1384 1492 desponsaret
1411 1403 1576 1494 quamdam

392 1520 592 1601 mulierem,
613 1541 681 1610 quc
701 1518 861 1608 pulcram
881 1516 1008 1586 habuit
1026 1516 1271 1602 hereditatem,
1289 1518 1470 1587 commisit
1487 1520 1578 1611 quod·

391 1634 471 1702 dam
495 1635 621 1716 scelus,
646 1656 797 1725 proquo
827 1633 998 1723 proscribi
1020 1632 1199 1702 debuisset
1224 1633 1266 1702 ad
1289 1635 1482 1703 cautelam.
1503 1636 1578 1704 Vror

391 1750 502 1817 nimio
513 1772 632 1817 amore
650 1750 718 1817 viri
735 1751 772 1817 in
788 1750 894 1818 exilio
911 1755 1029 1818 secuta
1044 1757 1109 1831 est,
1124 1756 1170 1832 et,
1184 1772 1265 1817 cum
1275 1749 1578 1842 quodamtemporc

391 1866 446 1934 vir
460 1865 626 1955 poculum
645 1870 778 1933 teneret
798 1871 833 1933 et
852 1887 939 1933 vxor
957 1864 1001 1934 ab
1025 1864 1100 1954 ipso
1115 1871 1279 1955 quereret
1294 1864 1383 1956 quid
1403 1865 1474 1935 hoc
1493 1873 1576 1935 esset.

391 1981 570 2072 respondit
585 1982 641 2048 vir
668 2004 846 2050 venenum
862 2003 938 2049 osse
953 1987 988 2049 et
1002 1981 1093 2049 mori
1112 2003 1147 2049 sc
1167 1979 1271 2048 velle.
1290 1981 1446 2074 Rogauit
1462 2006 1542 2051 vxor
1553 1989 1578 2046 rt

391 2103 526 2187 partem
537 2096 605 2165 sibi
616 2096 715 2164 daret
730 2102 765 2164 et
778 2095 866 2164 dixit
881 2119 917 2163 se
933 2096 1028 2164 nolle
1040 2096 1116 2164 sine
1134 2096 1209 2186 ipso
1224 2097 1514 2166 rinocerotem
1530 2095 1580 2188 pri·

390 2236 484 2282 mam
501 2211 590 2281 bibit
604 2213 692 2304 ipsc,
704 2217 839 2301 partem
854 2210 1044 2280 secundam
1056 2211 1152 2280 dedit
1168 2212 1279 2279 vxori.
1295 2212 1408 2280 Periit
1423 2220 1509 2282 tune
1523 2215 1579 2303 ipsa

391 2329 481 2412 sola;
496 2328 550 2397 vir
560 2333 679 2396 autem
694 2328 824 2409 euasit;
844 2328 1068 2419 setarguitur
1082 2332 1117 2394 et
1132 2349 1213 2395 rcus
1228 2325 1408 2396 iudicatur
1423 2328 1579 2397 veneficii.

455 2444 600 2514 Mistice.
626 2443 691 2511 Vir
716 2443 781 2510 isto
801 2465 881 2511 caro
903 2449 972 2524 est,
997 2443 1053 2511 cui
1076 2443 1196 2511 anima
1221 2444 1410 2532 copulatur
1431 2451 1581 2536 tanquam

389 2583 486 2628 vxor.
509 2559 568 2628 Set
596 2559 662 2626 ista
686 2580 774 2626 vxor
797 2556 903 2626 habet
922 2558 1081 2648 pulcram
1106 2557 1351 2641 hereditatem,
1376 2558 1538 2629 videlicet
1554 2560 1581 2627 in

389 2676 552 2768 ymagine
564 2698 627 2743 sua
643 2674 705 2743 Dei
721 2673 847 2755 tilium,
861 2679 895 2741 ot
906 2673 943 2741 in
959 2672 1023 2742 hoc
1039 2672 1142 2742 debet
1157 2671 1285 2742 habere
1301 2697 1473 2766 magnam
1489 2675 1583 2744 delec-

390 2791 572 2874 tationem,
585 2813 691 2881 quam
707 2812 786 2858 caro
802 2789 870 2857 sibi
886 2810 1054 2879 vsurpare
1065 2787 1251 2873 desiderat,
1266 2795 1302 2857 et
1312 2789 1394 2859 ideo
1408 2791 1583 2860 committit

390 2930 427 2975 so
441 2904 734 2975 delectationibus
749 2927 811 2994 pro
826 2904 955 2994 quibus
965 2903 1134 2994 proscribi
1151 2901 1283 2972 debeta
1298 2903 1580 2974 delectationibus

390 3022 554 3112 paradisi,
587 3021 747 3088 videlieet
778 3045 797 3087 a
825 3020 1123 3109 contemplacione
1150 3020 1224 3092 llei.
1258 3020 1292 3085 in
1329 3044 1403 3110 qua
1437 3022 1581 3089 consistit

390 3161 528 3204 summa
548 3137 801 3225 contemplacio
829 3143 863 3203 et
891 3135 974 3203 felix
1009 3134 1197 3202 beatitudo.
1223 3134 1280 3201 Sel
1304 3158 1394 3203 vxor
1423 3138 1581 3228 sequitur.

389 3253 459 3341 (fol.
494 3254 548 3340 37)
584 3253 719 3318 scilicet
747 3253 881 3327 anima,
913 3273 976 3338 per
1004 3249 1272 3317 delectationem
1305 3249 1349 3317 ad
1380 3273 1579 3320 consensum

389 3369 521 3458 pcccati
544 3369 750 3447 inclinatur,
773 3373 805 3433 et
834 3367 986 3456 qualiter·
1007 3364 1183 3454 decipitur
1209 3372 1302 3433 certe
1326 3389 1391 3454 per·
1417 3388 1579 3436 varranum

391 3484 534 3574 peccati.

423 3643 436 3689 ⁸.
455 3597 674 3688 Exemplum.
687 3597 785 3687 lliilli
801 3620 881 3663 vere
897 3597 957 3686 qui
976 3618 1152 3663 venenum
1166 3595 1280 3662 daturi
1298 3603 1397 3679 sunt,
1413 3597 1504 3667 illud
1517 3598 1581 3665 mis-

389 3722 468 3786 cent
483 3739 562 3784 cum
578 3715 696 3804 aliquo
712 3711 922 3780 delectabili.
941 3712 997 3779 Sic
1010 3717 1062 3777 est
1077 3711 1118 3778 de
1133 3718 1286 3799 peccata,
1300 3713 1386 3802 quia
1404 3714 1441 3780 in
1459 3719 1582 3805 peccato

390 3838 472 3900 sunl
495 3830 575 3911 duo,
606 3829 736 3896 scilicet
757 3827 941 3894 delectatio
961 3833 996 3893 et
1014 3825 1132 3914 eulpa.
1155 3826 1215 3893 Sel
1235 3849 1316 3893 raro
1339 3826 1429 3894 bibit
1448 3832 1580 3918 primam

391 3955 535 4037 partem,
553 3946 672 4013 anima
687 3949 803 4011 autem
825 3941 1027 4022 secundam,
1050 3947 1083 4008 et
1105 3939 1182 4007 ideo
1205 3943 1325 4008 statim
1351 3945 1520 4016 moritur:
1541 3950 1579 4006 set

389 4087 468 4130 earo
485 4063 643 4129 venalicii
657 4060 826 4149 arguitur,
845 4059 928 4147 quia
948 4055 1014 4124 sibi
1037 4055 1342 4124 occasionabiliter
1363 4058 1468 4148 culpa
1486 4060 1579 4146 impu-

391 4185 493 4245 latur.

443 4349 450 4417 l
458 4349 480 4418 l)
497 4350 577 4402 (letto
593 4345 715 4400 citation
730 4349 773 4399 est
790 4345 862 4398 tirso
879 4360 937 4398 nou
954 4361 1003 4413 pas
1019 4342 1106 4397 d'uue
1122 4343 1173 4396 des
1188 4343 1302 4412 Eptlres
1317 4358 1376 4397 aux
1392 4344 1572 4399 Corinthiun,

390 4437 464 4491 mnis
480 4438 515 4492 de
534 4436 652 4506 l'Epttre
668 4451 724 4489 aux
743 4434 892 4500 Romaim,
907 4434 936 4487 C.
956 4448 1011 4495 riu,
1028 4447 1053 4484 r.
1072 4432 1114 4485 13.
