3270 5626
615 512 845 565 coenaculo
873 513 1016 565 Palus.
1369 518 1418 567 ³79

217 654 307 744 Ergo
327 654 456 723 clarius
478 662 512 724 te
535 655 646 725 video.
666 657 764 726 Tunc
791 657 900 725 Ratus
923 657 1168 747 perterlrlitus,
1191 659 1274 748 quia
1297 658 1417 728 videre

216 793 285 838 non
306 776 452 860 poterat,
474 770 522 839 ait
541 792 548 840 :
567 771 743 842 Descende
759 795 841 865 ergo
859 780 898 841 vt
912 771 1054 862 predam
1075 773 1236 862 accipias,
1256 779 1295 840 vt
1312 796 1417 865 appa-

216 892 286 963 reat
313 908 437 955 vemm
462 886 555 977 quod
577 889 715 956 asseris.
739 887 977 956 Descendente
1005 909 1088 978 ergo
1109 888 1249 978 Aquila,
1272 890 1358 958 Rato
1379 891 1416 959 in

216 1001 374 1070 humeris
400 1002 474 1070 suis
502 1001 712 1087 tabescente,
737 1025 818 1072 cum
846 1004 958 1071 nimio
983 1005 1128 1099 impetu,
1148 1003 1256 1072 Ratus
1281 1007 1418 1094 aperuit

214 1117 335 1186 oculos
349 1118 581 1210 propinquius
601 1119 773 1210 terra(m),
790 1125 825 1187 et
839 1117 928 1187 vidit
942 1118 1131 1209 quemdam
1147 1119 1305 1209 aucipem
1327 1120 1414 1212 (sic),

214 1232 278 1302 sub
311 1231 419 1301 dumo
451 1233 632 1318 latentem,
662 1236 721 1325 qui
747 1257 852 1324 super
881 1233 1054 1325 quoddam
1084 1233 1233 1303 cadauer
1262 1236 1355 1303 recia
1383 1242 1418 1304 et

213 1348 357 1440 laqueos
373 1348 612 1440 (teitendcbat
635 1351 865 1441 protinusque
885 1348 929 1417 ab
955 1349 1114 1418 humeris
1128 1349 1255 1441 Aquile
1275 1351 1416 1442 alonge

213 1464 356 1533 saltauit
370 1471 405 1533 et
423 1465 567 1555 laqueos
586 1465 803 1556 deceptorios
823 1464 1013 1554 prudenter
1028 1466 1151 1534 euasit.
1170 1466 1299 1557 Aquila
1318 1489 1412 1548 vero,

213 1601 320 1668 super
346 1578 497 1649 cadauer
519 1579 562 1649 de
586 1580 742 1670 periculo
768 1581 949 1670 inprouiso
977 1581 1204 1666 descendens,
1232 1581 1357 1650 incidit
1378 1583 1415 1650 in

212 1694 369 1785 laqueos,
385 1701 421 1763 et
439 1694 482 1764 ab
501 1718 635 1786 aucupe
654 1703 775 1788 captus
795 1702 901 1765 estet
920 1698 970 1764 sic
991 1696 1240 1766 miserabiliter
1263 1697 1416 1788 captiua-

213 1818 280 1878 tus.
306 1810 370 1880 Cui
395 1811 503 1879 Ratus
532 1834 639 1902 prope
666 1820 763 1880 stans
789 1811 996 1903 exprobauit
1023 1813 1232 1903 Aquila[m],
1258 1813 1378 1882 dicens
1405 1835 1412 1881 :

212 1925 288 1994 lieu
303 1925 434 2018 pro(t)h
450 1927 578 2017 pudor!
596 1933 634 1996 vt
648 1929 709 2019 qui
727 1934 797 1996 tam
817 1928 955 2020 alonge
975 1951 1036 2018 pre
1055 1927 1221 1996 omnibus
1236 1936 1270 1996 te
1286 1928 1416 1998 clarius

214 2043 434 2132 prospexisse
450 2043 626 2127 iactasses,
643 2045 857 2134 propinquos
871 2043 935 2112 tibi
951 2044 1094 2135 laqueos
1109 2067 1181 2111 non
1193 2043 1325 2112 vidisti.
1343 2044 1415 2135 Ego

211 2165 343 2242 autem,
359 2157 483 2227 videns
503 2160 712 2250 periculum,
727 2160 824 2228 euasi
845 2159 1025 2250 prouidus.
1042 2159 1092 2226 Ex
1107 2181 1177 2250 quo
1191 2164 1286 2248 patet
1299 2161 1416 2227 verior

213 2295 291 2342 mea
316 2274 507 2359 conclusio,
531 2276 615 2365 quia
642 2276 713 2344 iam
736 2274 801 2344 tibi
829 2281 987 2365 superest
1010 2273 1227 2343 ineuitabilis
1255 2275 1415 2343 confusio

212 2396 359 2480 propter
372 2391 424 2458 tui
439 2392 538 2459 visus
557 2390 743 2470 delectum,
766 2390 950 2458 euidenter
960 2396 999 2458 vt
1012 2397 1165 2481 apparet.
1299 2473 1302 2481 Ι

276 2506 474 2598 Expositio.
489 2507 618 2598 Aquila
632 2508 699 2575 ista
713 2514 766 2575 est
780 2507 947 2596 prelatus,
956 2506 1013 2575 vel
1029 2505 1151 2575 doctor
1164 2507 1313 2574 sciencie
1327 2512 1415 2574 tem·

210 2621 340 2711 poralis
368 2622 425 2690 vel
450 2622 654 2712 spiritualis,
677 2623 752 2714 qui,
776 2621 961 2714 dignitate,
987 2628 1155 2712 potestate
1182 2627 1243 2689 aut
1265 2620 1419 2690 sciencia

208 2736 349 2826 prediti,
365 2759 472 2827 super
485 2759 606 2806 omnes
619 2736 687 2805 sibi
703 2737 887 2806 inferiores
901 2759 963 2828 per
976 2759 1057 2806 aera
1070 2736 1202 2820 volant,
1218 2743 1414 2806 scrutantes

210 2858 246 2921 et
263 2875 284 2921 a
304 2851 408 2943 longe
429 2851 600 2936 videntes,
618 2852 653 2921 id
674 2858 727 2921 est
747 2852 871 2921 intime
892 2853 1085 2936 studentes,
1108 2852 1143 2921 id
1163 2858 1216 2921 est
1233 2854 1414 2943 cupientes

210 2967 302 3037 bona
320 2968 541 3058 temporalia,
563 2975 597 3037 et
619 2991 659 3037 ea
679 2975 941 3058 extorquentes,
959 2991 1154 3059 pauperum
1178 2969 1414 3061 possessiones

208 3082 276 3152 sibi
295 3090 518 3172 usurpantem
541 3085 625 3175 quia
644 3090 727 3152 sunt
751 3084 990 3175 quamplures
1017 3085 1183 3176 quamuis
1202 3084 1316 3167 villas,
1338 3106 1414 3153 cas·

207 3199 299 3284 tilla,
319 3198 453 3267 reditus
468 3199 568 3290 quasi
587 3200 744 3268 infinitos
760 3199 924 3283 habeant,
941 3199 1196 3268 nichilominus
1214 3199 1256 3268 ad
1276 3223 1414 3269 mesna-

205 3315 307 3406 gium
318 3314 375 3382 vel
392 3313 561 3405 placeam,
578 3315 662 3384 licet
676 3338 836 3406 paruam,
853 3317 1006 3405 proximi
1022 3338 1129 3406 prope
1144 3315 1342 3384 adiacentes
1357 3316 1413 3385 vel

204 3430 383 3520 pauperis,
401 3430 522 3498 oculos
537 3429 707 3523 dirigunt,
730 3437 768 3499 vt
787 3454 850 3521 per
863 3432 940 3498 vim·
957 3430 1025 3499 sibi
1045 3432 1194 3521 rapiant.
1212 3431 1258 3499 Vt
1278 3432 1413 3522 Regum

206 3546 311 3614 tertio
324 3544 436 3635 [libro]
449 3545 511 3635 (l),
524 3546 676 3637 qualiter
689 3569 750 3614 rex
763 3546 883 3615 Achab
894 3548 1098 3637 concupiuit
1112 3549 1251 3615 vineam
1262 3547 1410 3615 Nabothi

206 3683 268 3750 per
285 3660 475 3729 consilium
491 3662 613 3729 uxoris
632 3685 695 3730 sue
711 3661 890 3745 lesabelle,
916 3668 951 3730 et
967 3663 1089 3753 inique
1114 3661 1300 3738 amonebat
1321 3684 1410 3742 eam,

204 3783 287 3859 etc,
311 3777 362 3844 sic
381 3776 594 3846 cimulantes
611 3778 684 3865 (sic)
700 3776 768 3846 sibi
790 3777 987 3863 thesauros,
1000 3784 1037 3846 vt
1052 3776 1194 3868 diuicijs
1209 3776 1415 3846 habundent

207 3889 250 3959 ad
269 3890 472 3981 superbiam
491 3898 526 3961 et
544 3893 687 3961 inanem
704 3893 866 3985 gloriam,
889 3892 1019 3984 quibus
1035 3893 1194 3983 loquitur
1213 3892 1382 3984 propheta
1403 3912 1410 3958 :

207 4005 258 4074 Vc
277 4007 340 4097 qui
364 4005 532 4097 predaris,
555 4030 674 4076 nonne
691 4009 841 4098 [etipse]
863 4007 1065 4099 predaberis
1087 4009 1151 4100 (2)!
1170 4008 1298 4077 Dicunt
1316 4010 1412 4076 enim

206 4121 307 4204 tales,
318 4121 412 4213 quod
428 4122 656 4215 quamplures
671 4125 833 4214 regiones
849 4125 1021 4215 peragrati
1035 4130 1118 4192 sunt
1133 4123 1360 4208 debellantes,
1378 4131 1411 4191 et

207 4237 321 4306 multa
340 4237 432 4306 mira
446 4260 483 4306 se
498 4239 622 4308 fecisse
637 4239 866 4322 affirmantes,
889 4247 923 4307 et
943 4239 985 4308 de
1005 4241 1079 4307 suis
1099 4239 1246 4322 actibus,
1264 4238 1306 4307 ad
1322 4240 1412 4308 reci·

208 4351 355 4421 undum
375 4353 475 4444 quasi
500 4353 611 4437 nulla,
629 4376 795 4444 pompose
814 4356 947 4445 seipsos
962 4355 1165 4445 gloriantes
1179 4354 1363 4423 thesauros
1378 4362 1412 4423 et

262 4521 299 4593 (1)
322 4521 417 4593 Voyez
436 4523 465 4577 C.
483 4539 540 4591 xri,
556 4540 581 4577 v.
601 4525 609 4577 t
630 4527 659 4577 et
674 4539 697 4577 s.

261 4610 298 4682 (2)
320 4611 416 4682 voyea
428 4611 585 4682 Pmphttie
600 4610 714 4680 d'lsate,
730 4612 760 4668 C.
782 4629 880 4682 mxnr,
895 4629 920 4668 v.
939 4617 963 4668 t.
