3270 5626
443 493 595 545 ononis
620 494 673 545 DE
700 495 913 547 CERlTONA
939 492 1183 545 PARABOLAE.
1369 495 1412 545 331

213 638 354 730 quaudo
378 659 485 705 sanus
503 638 583 720 luit,
606 637 792 721 laborauit,
814 645 848 706 et
868 638 910 706 de
928 636 1101 706 fructibus
1124 636 1250 726 [nobis]
1275 636 1412 705 detulit.

214 754 320 822 Tanto
346 753 599 822 taciturnitatis
624 761 711 837 erat,
738 753 832 845 quod
858 755 920 822 uix
951 752 1150 822 crederetur
1173 774 1273 841 posse
1298 751 1412 843 loqui;

212 876 325 938 mater
339 891 418 937 mea
429 874 585 952 econtra,
597 870 753 961 garrula,
768 876 942 960 proteron,
953 869 1116 959 potatrix‚
1134 867 1414 958 luxuriosa‚sepe

212 986 291 1054 lites
313 1006 553 1053 commouens.
571 984 635 1054 Cui
656 1007 851 1076 numquam
871 984 1031 1077 egritudo
1052 984 1185 1053 nocuit.
1202 983 1356 1075 Contigit
1377 989 1416 1051 ut

213 1107 310 1191 pater
330 1107 542 1183 moreretur;
573 1102 742 1170 continuo
758 1124 816 1170 aer
829 1107 1013 1170 conmotus
1039 1101 1134 1190 [esl];
1151 1100 1302 1190 fulgura,
1324 1099 1416 1167 toni-

213 1222 303 1295 trua,
329 1221 553 1306 tempestates
572 1223 706 1306 patrem
727 1239 844 1286 meum
865 1239 970 1306 super
988 1215 1119 1284 lectum
1139 1216 1214 1283 sine
1234 1214 1414 1304 sepultura

213 1354 288 1400 esse
302 1331 473 1410 fecerunt,
485 1337 525 1400 ut
544 1332 718 1416 homines,
736 1340 918 1401 mouentes
932 1333 1057 1421 capita,
1079 1332 1321 1399 existimarent
1336 1329 1415 1397 infi-

213 1446 288 1515 nita
307 1453 447 1537 peccata
462 1448 537 1516 eius
553 1448 618 1516 hoc
633 1448 837 1538 promereri,
855 1454 893 1516 ut
909 1448 1000 1516 Deus
1015 1469 1086 1515 non
1101 1447 1318 1536 permitteret
1332 1468 1414 1514 cum

213 1562 368 1655 sepeliri.
397 1562 494 1632 Tunc
522 1569 601 1654 post
628 1563 785 1633 triduum
814 1564 876 1632 uix
900 1564 1015 1653 ipsum
1044 1562 1192 1652 sepelire
1221 1561 1410 1652 potuimus.

213 1677 322 1747 Mater
335 1700 415 1747 mea
429 1685 507 1770 post
521 1678 585 1747 hec
599 1679 798 1771 flagiciosus
811 1681 860 1770 (1)
871 1679 982 1746 uitam
997 1679 1124 1769 exegit,
1138 1699 1280 1746 omnem
1296 1697 1414 1766 super·

213 1792 307 1862 biam
328 1794 366 1862 in
391 1793 567 1863 luxuriam
588 1795 635 1885 (2)
657 1796 887 1886 consumpsit.
912 1795 952 1862 ln
971 1800 1083 1863 morte
1110 1795 1185 1862 eius
1205 1799 1302 1862 tanta
1319 1815 1414 1882 pros·

213 1910 344 2000 peritas
367 1910 416 2001 (3)
436 1911 585 2002 contigit
607 1917 648 1979 ut
675 1912 786 1980 aerei
808 1902 1020 2001 obsequium
1041 1908 1223 1978 uideretur
1246 1914 1410 1998 prestare.

216 2025 287 2117 Ego
303 2031 420 2094 autom
437 2032 514 2116 post
534 2025 669 2095 obitum
685 2028 760 2096 eius
780 2028 856 2117 cepi
876 2027 1082 2117 cog(n)itare
1099 2025 1199 2093 cuius
1219 2025 1329 2092 uitam
1350 2023 1415 2090 eli·

214 2163 345 2232 geram,
370 2147 431 2209 aut
455 2143 577 2210 matris
597 2143 654 2211 eui
680 2165 859 2233 nunquam
889 2142 1077 2211 molestum
1098 2141 1146 2230 (1)
1172 2138 1328 2230 contigit,
1355 2144 1416 2206 aut

215 2258 322 2347 patris
347 2258 409 2349 qui
428 2263 524 2326 tanto
545 2257 663 2328 dolore
683 2259 775 2327 uixit
798 2264 833 2326 et
851 2264 949 2326 tanta
969 2255 1187 2347 turpitudine
1207 2255 1317 2323 uitam
1338 2254 1416 2320 fini-

214 2373 277 2451 uit,
294 2372 417 2442 dicens
433 2394 441 2441 :
458 2373 495 2442 Si
514 2375 589 2442 uita
603 2375 712 2464 patris
727 2374 819 2443 bona
836 2376 972 2454 luisset,
994 2371 1128 2464 aliquid
1143 2371 1226 2440 boni
1246 2369 1312 2438 sibi
1332 2391 1415 2437 oon-

214 2489 366 2580 tigissel;
381 2491 411 2557 si
426 2490 531 2572 mala,
549 2491 683 2581 aliquid
699 2491 783 2559 mali
799 2491 831 2558 ci
855 2491 1041 2561 euenisset,
1059 2480 1101 2555 Et
1116 2488 1166 2556 sic
1180 2486 1312 2577 placuit
1327 2485 1415 2554 mibi

216 2604 410 2674 secundum
425 2606 537 2674 uitam
556 2607 679 2675 matris
693 2607 803 2674 uitam
823 2604 960 2675 ducere.
983 2606 1107 2672 Postea
1126 2603 1235 2671 astitit
1251 2601 1339 2670 milri
1355 2624 1416 2691 per

219 2742 384 2789 somnum
400 2721 437 2790 in
456 2728 557 2791 nocte
572 2722 714 2813 quidam
734 2720 878 2813 grandis
896 2743 1051 2811 corpore,
1073 2717 1240 2787 terribilis
1259 2724 1414 2808 aspectu,

219 2838 277 2928 qui
297 2835 436 2905 dicebat
458 2859 466 2906 :
491 2837 583 2920 Ouid
602 2838 839 2929 cog(n)itasti?
857 2838 919 2906 Cui
944 2861 1005 2927 pre
1024 2838 1150 2905 timore
1165 2834 1237 2902 dixi
1256 2855 1263 2902 :
1285 2832 1413 2902 Nichil.

217 2951 273 3021 Set
284 2952 347 3020 ille
363 2952 451 3021 mihi
465 2974 472 3021 :
486 2953 557 3022 Hoc
572 2960 607 3023 et
621 2954 685 3023 hec
698 2953 869 3045 cogitasti.
884 2953 925 3020 Et
940 2951 1028 3020 dixit
1042 2950 1131 3018 mihi
1149 2972 1156 3019 :
1173 2950 1262 3018 Veni
1277 2971 1415 3018 mccum

216 3074 248 3135 et
261 3067 467 3137 monstrabo
482 3076 615 3159 patrem
636 3077 670 3138 ot
689 3075 850 3151 matrem,
868 3075 906 3136 ut
927 3070 1016 3136 scias
1036 3069 1135 3135 cuius
1162 3067 1272 3133 uitam
1292 3065 1414 3155 eligas,

219 3183 258 3251 Et
276 3184 380 3252 duxit
394 3206 450 3252 me
470 3184 507 3252 in
523 3207 685 3275 campum
700 3186 874 3275 pulcrum,
897 3183 1109 3252 redolentem
1123 3181 1222 3249 miris
1237 3180 1414 3259 odoribus,

219 3299 316 3368 cuius
331 3300 537 3391 magnitudo
553 3301 609 3390 [et]
628 3299 826 3390 pulcritudo
843 3298 1089 3368 inestimabilis
1107 3304 1192 3365 erat.
1211 3297 1253 3364 Et
1267 3297 1418 3365 occurrit

222 3415 333 3505 [mihi]
357 3421 466 3505 pater,
481 3438 537 3483 me
553 3416 767 3505 amplexans.
785 3415 848 3483 Cui
868 3438 932 3506 ego
949 3437 956 3483 :
973 3412 1121 3482 llanobo
1136 3413 1193 3481 hic
1208 3419 1336 3485 tecum,
1355 3411 1416 3479 llle

220 3531 289 3598 ait:
312 3530 392 3599 Non
411 3535 509 3620 potes
528 3530 643 3600 modo.
666 3530 702 3600 Si
726 3553 810 3599 uero
832 3530 989 3624 sequeris
1013 3529 1163 3620 uestigia
1181 3550 1271 3611 mea,
1299 3532 1417 3617 postea

217 3644 384 3714 manebis,
402 3645 468 3714 Sed
484 3644 626 3716 trahens
641 3669 697 3715 me
713 3646 772 3716 ille
788 3647 848 3737 qui
864 3646 1021 3729 diruerat,
1039 3643 1134 3712 ducit
1149 3666 1204 3712 mo
1220 3644 1257 3710 in
1273 3641 1415 3710 domum

219 3760 399 3831 obscuram
424 3761 571 3831 stridore
600 3768 635 3831 et
660 3762 778 3831 doloro
809 3762 959 3852 plenam.
990 3760 1032 3827 Et
1060 3758 1212 3827 ostendit
1239 3759 1415 3825 fornacem

224 3876 399 3945 ardentem
423 3884 455 3946 et
479 3885 628 3946 matrem
653 3880 690 3946 in
723 3878 862 3947 fornace
881 3900 991 3969 usque
1018 3876 1061 3944 ad
1084 3874 1227 3957 collum,
1253 3871 1416 3941 dentibus

225 3991 436 4076 stridentem,
454 4000 488 4061 et
506 4016 645 4062 uermes
664 4017 740 4062 eam
756 3992 994 4063 corroderunt.
1013 3992 1100 4073 Quo,
1118 3990 1243 4058 uidens
1263 3988 1331 4071 mo}
1349 3988 1417 4056 cla·

226 4109 328 4177 mauit
349 4129 357 4178 ε
375 4107 467 4177 lleu!
490 4109 574 4190 filia,
597 4109 660 4178 hec
679 4110 797 4200 pacior
816 4115 957 4200 propter
971 4130 1075 4197 opera
1094 4128 1184 4190 mea,
1202 4104 1331 4174 adiuna
1345 4126 1414 4185 mo,

275 4323 310 4393 (1)
330 4323 412 4377 Ainsi
427 4338 502 4394 pour
513 4325 691 4393 flagitiosam.

275 4411 309 4482 (2)
330 4411 411 4466 Lisos
425 4429 432 4466 :
447 4413 632 4468 substanttam
647 4414 815 4468 inlusoria.

276 4499 310 4570 (3)
330 4500 411 4555 Ainsi
426 4516 502 4573 pour
515 4503 660 4557 serenitas.

277 4587 312 4659 (1)
331 4589 411 4644 Ainsi
424 4605 492 4645 sans
507 4591 596 4645 doute
610 4607 684 4662 pour
699 4590 821 4647 molestia
836 4606 874 4645 ou
887 4588 1002 4661 aliquod
1014 4587 1166 4644 molestum.
