3270 5626
352 486 399 535 268
584 482 733 537 ODONIS
759 484 810 535 DE
838 485 1052 537 cunluona
1078 483 1329 535 PARABOLAE.

356 627 392 696 Si
412 628 473 695 ille
489 629 596 696 miser
615 626 797 696 habuisset
812 628 968 719 aliquem
982 629 1044 719 qui
1059 627 1205 696 lucerna
1224 626 1363 695 domini
1382 628 1463 696 uias
1483 629 1560 697 eius

355 744 585 826 illuminaret,
603 766 674 811 non
695 742 865 812 incideret
880 744 929 834 (l)
946 745 982 813 in
1004 742 1167 812 tenebras
1182 744 1388 811 exteriores.

485 941 552 996 vn.
583 941 696 995 -nn
725 941 894 1006 ananau
922 940 1064 995 nomm
1091 938 1264 994 rournu
1294 939 1428 994 unum

796 1035 1109 1108 nnsnunurntu.

422 1189 572 1272 Quidam
587 1188 846 1270 nobilissimus,
865 1187 951 1279 (qui)
967 1210 1131 1279 pompam
1147 1186 1272 1256 mundi
1289 1186 1471 1271 deserens,
1489 1187 1560 1255 albi

355 1304 520 1374 monachi
541 1303 701 1372 habiturn
722 1304 919 1395 suscipiens
935 1304 994 1394 (3),
1011 1303 1085 1372 suis
1101 1303 1220 1394 ipsum
1236 1302 1423 1371 extrahere
1438 1302 1561 1372 uolen-

354 1419 449 1489 tibus
465 1428 498 1489 et
517 1419 749 1511 querentibus
764 1442 828 1488 cur
848 1425 920 1487 tam
941 1419 1052 1487 uilem
1068 1417 1230 1487 habitum
1251 1419 1466 1509 suscepisset
1487 1440 1559 1487 res·

358 1535 491 1627 pendit,
516 1535 636 1604 dicens
658 1556 665 1602 :
690 1535 818 1604 Melius
848 1535 884 1601 in
913 1534 1049 1602 uilibus
1085 1533 1213 1624 pannis
1244 1534 1397 1602 salutem
1427 1534 1558 1602 lucrari

355 1651 505 1719 arbitror
524 1673 630 1741 quam
646 1649 743 1740 perdi
765 1652 801 1717 in
818 1650 933 1718 siricis
953 1649 1012 1739 (l).

443 1846 527 1902 Vlll.
557 1877 592 1886 -
620 1847 671 1901 DE
700 1847 870 1912 QUODAM
899 1845 1108 1900 usulstuu
1136 1844 1391 1907 PthSlENSl‚
1423 1846 1474 1900 UT

681 1944 957 2009 LOQUERETUR
986 1941 1149 1998 ROGATO
1178 1940 1227 2014 (5).

416 2093 566 2176 Quidam
582 2093 747 2184 magister
766 2094 988 2176 Parisiensis‚
1006 2114 1123 2161 coram
1146 2113 1228 2183 rege
1253 2097 1288 2159 et
1307 2090 1473 2181 pluribus
1488 2093 1559 2181 epi-

356 2210 470 2300 scopis
485 2216 524 2277 ut
536 2211 904 2301 loquereturrogatus,
920 2210 971 2278 sic
985 2207 1117 2297 incepit
1130 2227 1137 2274 :
1150 2206 1257 2274 Stulti
1274 2208 1423 2276 luerunt
1437 2207 1559 2276 Petrus

356 2332 392 2393 et
410 2324 552 2394 Paulus.
575 2324 674 2406 Quod
692 2347 772 2393 oum
793 2323 847 2392 bis
866 2325 924 2392 uel
944 2331 999 2392 ter
1018 2328 1204 2414 repeteret,
1227 2323 1389 2412 quesitus
1413 2323 1457 2391 ab
1487 2325 1558 2414 epi-

356 2441 470 2532 scopis
485 2464 548 2510 cur
566 2441 652 2510 talia
674 2440 784 2509 uerba
808 2441 990 2530 proferret,
1009 2440 1069 2507 ille
1097 2437 1219 2507 eadem
1243 2437 1354 2507 uerba
1382 2446 1555 2529 repetens,

356 2557 528 2625 rationem
554 2557 762 2648 essignauit,
791 2554 912 2623 dicens
935 2577 942 2622 :
970 2555 1131 2645 Episcopi
1156 2576 1237 2622 cum
1260 2555 1362 2642 equis
1387 2554 1555 2636 faleratis,

355 2670 498 2740 cibariis
519 2671 689 2754 delicatis,
720 2671 880 2739 uestibus
910 2671 1089 2760 preciosis,
1112 2669 1319 2738 cumuitiis
1352 2675 1389 2737 et
1421 2669 1558 2739 deliciis

356 2787 504 2855 credunt
522 2788 638 2856 celum
664 2786 864 2855 escendere.
888 2787 978 2877 Ergo
1002 2785 1126 2853 Petrus
1146 2790 1181 2852 et
1200 2784 1333 2852 Paulus
1353 2785 1556 2853 stultissimi

357 2903 538 2992 [fuerunt]‚
565 2905 626 2992 qui
650 2909 905 2992 paupertatem,
931 2901 1190 2982 tribulationes,
1215 2899 1345 2967 famem
1376 2907 1410 2969 et
1447 2902 1557 2992 frigus

356 3020 613 3101 sustinuerunt,
638 3020 668 3085 si
694 3019 841 3109 gloriam
867 3019 940 3101 Dei,
964 3015 1075 3085 itudo
1103 3016 1196 3083 facili
1219 3023 1259 3083 ut
1279 3018 1391 3084 nostri
1418 3018 1555 3109 prelati,

356 3135 578 3223 poltuilssent
597 3134 768 3202 obtinere.

533 3348 582 3402 tx.
607 3379 642 3387 -
671 3349 719 3402 DE
748 3350 927 3403 fistulas
955 3349 1004 3402 ET
1032 3349 1178 3403 PULLlS
1208 3348 1297 3403 Sl'lS
1329 3348 1376 3418 (6).
1416 3350 1419 3357 “

420 3504 620 3573 Notandum
632 3529 715 3597 ergo
731 3506 824 3596 quod
839 3507 1009 3574 Dominus
1026 3512 1203 3596 comparat
1220 3529 1256 3574 se
1268 3505 1402 3596 galline
1413 3508 1477 3595 (Ἰ),
1490 3507 1556 3596 pel-

354 3621 481 3704 licano,
499 3621 615 3712 aquile
632 3629 666 3689 et
681 3622 796 3704 aratri,
814 3629 956 3713 propter
976 3623 1071 3712 pium
1088 3623 1253 3690 allectum
1270 3620 1363 3711 quod
1384 3645 1468 3712 erga
1483 3622 1557 3713 pul·

408 3783 444 3853 (t)
461 3783 558 3839 Mieux
575 3800 581 3838 :
598 3784 793 3851 illuminasset,
805 3800 860 3838 non
875 3783 1027 3839 incidisset.

408 3872 445 3943 (t)
460 3874 493 3927 ln
510 3873 603 3927 notate
621 3872 727 3927 domini
745 3872 783 3927 ad
802 3876 914 3928 terciam
933 3874 1054 3938 musam,
1071 3872 1219 3928 secuudum
1234 3872 1396 3940 Iohannem,
1414 3875 1457 3928 .a'⁰.
1473 3903 1509 3913 -
1525 3873 1555 3927 lu

355 3960 501 4032 principio
515 3967 578 4017 erat
591 3961 728 4016 uerbum.

409 4051 444 4116 (3)
461 4050 556 4105 Mieux
573 4057 759 4119 :susceperat

409 4138 446 4209 (l)
461 4139 539 4194 Lisez
556 4157 563 4193 :
576 4141 679 4194 sericis.

408 4227 446 4298 (5)
462 4229 587 4283 Sermon
600 4228 722 4299 praeite.

407 4317 444 4386 (6)
458 4318 490 4370 ln
505 4318 551 4371 dte
562 4320 651 4371 saneti
660 4318 795 4386 Stephani
806 4320 1025 4387 protomartiris,
1037 4317 1182 4383 Mattheus,
1198 4317 1303 4370 saite.
1312 4317 1481 4373 —Dicebat
1496 4319 1555 4374 lhe-

354 4420 404 4459 sus
418 4405 511 4460 turbis
529 4407 685 4461 ludeorum
704 4412 734 4461 et
748 4406 932 4478 principibus
950 4406 1159 4461 sacerdotum:
1181 4408 1253 4460 Ecce
1273 4421 1326 4476 ego
1343 4406 1431 4461 mitto
1448 4409 1486 4463 ad
1504 4424 1555 4463 uos

354 4494 522 4564 prophetas.

408 4571 703 4655 (athenogenes
720 4586 859 4651 hluthieu,
873 4588 903 4641 C.
921 4602 998 4652 xrur,
1015 4603 1040 4640 r.
1058 4587 1101 4639 ³7.
