3270 5626
443 471 596 524 ODONIS
619 472 670 524 DE
697 472 907 525 CERl'l'ONA
934 469 1180 521 PARABOLAE.
1369 470 1411 518 311

282 616 470 685 l'surarius
482 616 583 707 peius
599 616 646 706 (l)
663 623 716 685 est
741 637 847 707 quam
868 615 970 698 latro,
995 616 1077 706 quia
1101 614 1286 681 usurarius
1305 611 1416 680 furari

214 740 314 800 nocte
329 732 454 823 dieque
471 755 543 800 non
557 739 680 800 cessat.

393 998 480 1053 CXX.
507 1029 543 1039 -
569 998 618 1053 llll
642 998 800 1055 PUELLA
826 1001 875 1055 DE
902 998 1033 1054 FONTE
1062 996 1243 1052 neonem

359 1092 363 1099 ’
558 1097 606 1151 ΕΤ
632 1097 682 1152 llll
708 1097 813 1153 REGE
841 1097 1003 1153 ANGLIAE
1029 1096 1077 1168 (2).

282 1266 319 1335 Si
339 1266 513 1335 circulum
534 1288 683 1334 aureum
702 1290 761 1335 sus
776 1264 920 1335 haberet
935 1267 972 1333 in
991 1265 1148 1348 naribus,
1166 1264 1241 1333 luto
1262 1262 1420 1332 submer-

216 1388 325 1473 geret.
343 1381 395 1450 lta
413 1381 543 1450 mulier
557 1382 653 1450 fatua
672 1381 947 1472 pulcritudinem
967 1403 1068 1453 suam
1088 1381 1190 1449 letori
1205 1380 1344 1449 luxurie
1366 1379 1419 1446 in·

217 1498 357 1591 mergit.
375 1496 441 1566 Sed
461 1497 581 1588 puella
597 1497 748 1588 quedam
764 1497 806 1567 de
823 1497 932 1566 Fonte
949 1496 1139 1566 Embrandi
1152 1497 1225 1587 (sic)
1237 1518 1343 1587 quam
1359 1517 1419 1562 rex

217 1613 344 1706 Anglie
373 1636 435 1704 pro
460 1613 699 1704 pulcritudine
720 1612 954 1704 oc(clulorum
970 1614 1184 1703 concupiuit,
1206 1635 1277 1680 non
1293 1611 1417 1692 Deum,

217 1729 276 1798 sed
298 1728 462 1820 [blostem
477 1729 638 1820 oc(0)ulis
657 1730 891 1821 impugnauit‚
910 1729 1049 1819 quando
1068 1731 1163 1818 ipsos
1181 1727 1372 1820 perforauit
1386 1731 1421 1794 et

219 1846 290 1936 regi
307 1845 465 1936 proiecit,
480 1843 600 1914 dicens
615 1867 624 1915 ε
641 1845 818 1935 Octo)ulos
830 1845 1039 1935 concupisti,
1055 1844 1224 1935 octclulos
1244 1844 1372 1934 accipe.

384 2103 488 2160 cxxi.
510 2135 546 2144 -
575 2104 624 2159 ns
650 2104 821 2170 ounnnn
847 2104 1006 2160 rusum
1031 2103 1248 2159 novocrrl

591 2204 614 2256 1
640 2202 771 2258 orara
797 2202 967 2257 vrncrrs
992 2201 1041 2272 (a).

282 2369 383 2438 Vnde
411 2368 552 2438 cuidam
575 2370 691 2461 puelle
719 2371 882 2460 apparuit
901 2370 1002 2438 beata
1024 2369 1144 2460 uirgo,
1166 2367 1421 2459 pulcherrima·

219 2508 298 2555 rum
321 2486 504 2577 uirginum
529 2485 661 2555 ducens
687 2486 864 2569 choream,
891 2495 923 2554 et
950 2486 999 2554 ait
1021 2484 1137 2576 puelle
1160 2507 1167 2553 :
1191 2483 1420 2553 Desiderasne

218 2626 291 2672 esse
311 2601 354 2670 de
368 2603 543 2670 consortio
563 2603 642 2686 isto,
664 2609 699 2671 et
717 2601 896 2692 respondit
911 2600 1054 2692 puella:
1077 2601 1237 2683 Domina,
1259 2600 1422 2669 affectuo-

219 2719 385 2809 slislsime
400 2717 571 2786 desidero.
585 2719 667 2786 Post
686 2717 775 2785 dixit
793 2718 893 2786 beata
907 2718 1007 2808 uirgo
1022 2739 1029 2785 :
1047 2717 1233 2785 Abstineas
1248 2739 1268 2783 a
1282 2715 1420 2784 choreis

221 2841 253 2902 et
272 2857 293 2901 a
313 2832 532 2902 uanitatibus
552 2833 661 2902 huius
681 2832 817 2917 mundi,
839 2833 949 2901 nichil
970 2833 1049 2901 leue
1068 2834 1127 2901 uel
1148 2831 1303 2923 puellare
1321 2853 1421 2899 exer·

221 2973 311 3031 ceas,
334 2955 369 3017 et
387 2948 444 3018 die
467 2966 572 3016 .xxx⁰.
595 2948 639 3017 ad
660 2972 717 3016 me
738 2950 874 3017 uenies.
898 2948 1033 3029 Quibus
1049 2949 1148 3032 uisis,
1162 2969 1289 3039 magne
1304 2947 1420 3037 graui-

220 3066 302 3134 tatis
316 3087 424 3133 manu
445 3065 518 3133 uite
531 3064 713 3133 leuitatem
728 3065 774 3155 (l)
792 3065 910 3157 puella
922 3064 1076 3133 detersit.
1092 3064 1133 3131 Et
1147 3062 1352 3154 parentibus
1368 3085 1419 3130 re-

219 3180 440 3272 quirentibus
450 3203 591 3249 causam
606 3179 678 3248 uite
692 3180 869 3271 mu(t)tate
884 3180 1062 3249 indicauit.
1074 3178 1299 3248 Postmodum
1309 3190 1415 3246 .xxv⁰.

219 3296 274 3365 die
296 3295 393 3364 febre
408 3302 568 3387 correpta
588 3300 652 3381 est,
673 3302 707 3363 ot
723 3297 817 3364 diem
845 3306 985 3380 .xxx⁸”“.,
1001 3318 1081 3364 cum
1101 3293 1187 3364 hora
1207 3296 1321 3363 exitus
1341 3295 1417 3363 eius

220 3413 543 3504 appropinquasset,
562 3412 700 3480 beatam
723 3413 899 3504 uirginem
920 3434 1001 3481 cum
1021 3411 1149 3502 puellis
1175 3410 1217 3479 ad
1244 3433 1281 3479 se
1296 3409 1418 3479 uenire

220 3529 411 3618 conspexit,
422 3535 457 3596 et
468 3529 610 3597 uocauit
622 3550 699 3596 eam
714 3535 754 3597 ut
768 3527 811 3596 ad
824 3552 860 3596 so
872 3529 1020 3596 ueniret.
1032 3528 1161 3618 Aperta
1184 3549 1271 3595 uoco
1290 3527 1418 3594 clama·

223 3644 273 3710 uit
294 3665 302 3712 :
324 3643 425 3728 Ecce,
443 3642 596 3726 domina,
618 3645 737 3712 uenio.
755 3645 798 3712 Et
817 3645 867 3712 sic
886 3645 1060 3712 uisionern
1078 3644 1172 3733 pacis
1187 3665 1267 3711 cum
1287 3643 1417 3710 sanctis

221 3759 416 3851 uirginibus
431 3758 555 3850 adepta
569 3767 633 3828 est.

273 3973 311 4045 (1)
331 3974 412 4029 Lisez
428 3991 436 4029 ε
450 3975 539 4045 petor.

275 4064 311 4134 (1)
334 4064 481 4119 nominoe
501 4065 573 4118 .ot⁸.
595 4069 661 4134 post
680 4063 801 4120 octabam
816 4066 995 4129 Pentecosten
1012 4062 1161 4118 secundum
1183 4062 1346 4124 Mattheum,
1366 4067 1413 4114 .o⁰.

228 4179 257 4191 —
270 4152 329 4207 Nisi
350 4151 573 4208 habundnuerit
588 4152 705 4208 iusticia
722 4159 823 4208 uestra
840 4153 906 4224 plus
923 4168 1012 4223 quam
1032 4151 1196 4207 scribarum
1217 4155 1246 4204 et
1268 4149 1419 4221 phariseo·

230 4254 300 4308 rum,
311 4257 371 4296 non
386 4241 536 4296 intrabitis
552 4241 582 4296 in
596 4257 719 4313 regnum
733 4241 873 4298 celorum.

277 4329 312 4401 (³)
329 4330 422 4385 lleme
435 4345 565 4386 sermon.

277 4418 313 4490 (t)
322 4416 468 4475 L’edirion
482 4418 518 4475 de
535 4421 604 4475 {520
612 4423 696 4492 porte
707 4437 714 4474 :
724 4420 918 4490 moenitudioe
930 4421 1078 4489 prauitatis
1090 4420 1182 4473 inanis
1194 4420 1258 4473 rite
1268 4418 1417 4473 levitatem.
