3270 5626
216 516 261 567 33⁰
445 514 596 566 ODONIS
621 514 672 567 DE
698 516 910 568 CERITONA
936 514 1182 568 PARABOLAE.

217 657 313 726 Tolle
333 663 448 726 tecum
478 658 549 725 ‚xl⁸.
577 681 696 749 panes,
717 666 751 728 et
774 659 862 727 uade
885 660 921 727 in
946 657 1143 741 heremum,
1170 667 1204 726 et
1225 657 1346 727 labora
1367 659 1408 727 ihi

217 796 280 864 per
301 775 374 841 .xl⁸.
396 773 482 857 dies,
504 780 538 842 et
558 774 618 844 fiat
634 776 799 843 uoluntas
815 775 889 856 Dei.
910 775 977 857 Qui
997 773 1164 843 obediens
1185 776 1290 864 patri,
1313 775 1410 864 [cum]

219 911 281 980 per
299 889 386 977 nal.
403 888 478 958 dies
498 889 691 958 laborasset
704 897 738 959 et
754 892 887 959 siccum
902 910 1029 981 panem
1049 897 1084 958 et
1102 913 1232 980 aquarn
1249 891 1412 959 comedis·

220 1011 284 1088 set,
310 1007 472 1095 apparuit
499 1008 531 1074 ei
554 1004 714 1075 diabolus
743 1009 844 1098 quasi
871 1007 1000 1076 mulier
1021 1006 1212 1098 ethiopissa
1242 1007 1357 1097 turpis
1383 1014 1412 1075 et

215 1120 323 1190 fetida
344 1122 465 1206 nimis,
483 1123 530 1190 ita
549 1122 642 1213 quod
660 1128 838 1214 aspectum
855 1124 931 1191 eius
951 1122 1042 1191 ferre
1062 1145 1133 1190 non
1154 1127 1275 1211 posset
1295 1128 1329 1189 et
1348 1121 1411 1189 abi·

215 1237 328 1306 ciebat
343 1261 419 1306 eam
434 1260 455 1305 a
474 1260 522 1306 sc.
541 1238 603 1306 Cui
620 1238 702 1306 illa:
726 1239 796 1329 Ego
817 1260 896 1307 sum
916 1239 977 1330 qui
995 1239 1069 1327 (sic)
1084 1238 1216 1306 animia
1232 1237 1409 1305 bominum

220 1353 333 1422 dulcis
353 1375 518 1444 appareo;
545 1353 604 1422 sod
631 1377 693 1444 per
712 1353 953 1423 obedienciam
976 1359 1127 1422 tuamet
1148 1353 1306 1422 laborem
1327 1355 1409 1422 Deus

217 1492 289 1538 non
305 1470 477 1560 permittit
491 1492 546 1537 me
562 1468 625 1536 tibi
639 1493 782 1553 nocerc;
798 1468 858 1538 sed
869 1471 1040 1539 facturam
1054 1491 1170 1537 meam
1186 1468 1253 1537 tibi
1265 1469 1407 1537 innotui.

222 1585 308 1653 Ecce
328 1583 419 1675 quod
439 1584 600 1653 diabolus
623 1586 671 1675 [so
694 1587 822 1678 ipsum]
844 1584 1074 1654 exenterauit.
1095 1585 1189 1653 Puer
1209 1584 1356 1654 rediens
1375 1583 1409 1653 ad

220 1707 354 1790 patrem
376 1701 454 1770 ait:
486 1701 599 1783 Pater,
632 1701 775 1769 iamiam
804 1724 876 1770 non
904 1700 1058 1791 red(d)eo
1086 1700 1130 1770 ad
1152 1702 1327 1785 seculum,
1355 1722 1409 1769 nec

215 1818 443 1906 temp(ta)tor.
465 1815 700 1908 Narrauitque
715 1818 918 1909 omniaque
933 1814 1081 1885 uiderat.
1104 1816 1166 1883 Cui
1182 1816 1287 1884 Pater
1309 1841 1316 1883 :
1335 1815 1406 1897 Fili,

214 1931 345 2022 gratias
363 1932 433 2000 Deo
446 1953 609 2022 agamus;
631 1931 703 2014 sed,
721 1933 751 2000 si
771 1953 832 2021 per
854 1933 912 2001 ‚xl
931 1931 1005 2001 dies
1022 1933 1267 2014 remansisses,
1284 1933 1407 2001 maiora

214 2046 285 2115 biis
299 2047 464 2116 uidisses.

325 2270 491 2326 clxvnr.
521 2301 555 2311 -
584 2272 634 2325 na
665 2271 796 2326 naam
825 2271 996 2328 vincula
1024 2271 1071 2326 ar
1100 2271 1307 2327 ntrnoun

615 2369 749 2424 nunno
778 2369 935 2424 ausura
964 2368 1013 2441 (a).

284 2530 434 2611 Dicitur,
453 2529 534 2597 lieet
548 2550 620 2596 non
636 2529 681 2596 sit
691 2529 919 2611 autenticum,
931 2528 1023 2619 quod
1040 2528 1139 2597 beata
1149 2529 1265 2619 uirgo,
1277 2527 1407 2619 quando

215 2645 405 2736 paruulum
424 2667 528 2712 suum
543 2644 709 2733 portauit,
728 2644 848 2734 (quod)
861 2644 1036 2734 hospitata
1046 2644 1114 2712 fuit
1124 2644 1161 2712 in
1177 2643 1282 2711 domo
1301 2645 1409 2712 cuius·

214 2760 295 2830 dam
319 2761 493 2843 mulieris
516 2783 584 2850 que
600 2759 724 2828 habuit
743 2760 867 2843 filium,
886 2783 955 2851 que
976 2759 1045 2852 (sic)
1068 2781 1207 2849 semper
1224 2760 1336 2828 fleuit.
1354 2759 1408 2827 Cui

215 2885 335 2946 mater
354 2876 494 2945 Domini
511 2877 559 2944 ait
577 2898 584 2942 :
603 2876 641 2943 Si·
660 2876 755 2944 filius
775 2882 856 2944 tuus
880 2875 1104 2945 balnearetur
1121 2876 1158 2943 in
1179 2898 1271 2965 aqua
1292 2876 1329 2944 in
1349 2896 1409 2966 qua

214 2994 250 3065 til
261 2995 315 3061 ius
326 3014 427 3060 meus
441 2994 563 3060 fuisset
578 2992 899 3074 balneatuS,allet11
915 2999 1108 3060 curaretur.
1127 2992 1287 3059 Matrona
1304 2992 1409 3081 primo

218 3109 405 3196 indignans
421 3109 513 3198 quod
526 3108 621 3175 filius
637 3108 711 3175 eius
726 3107 868 3175 deberet
887 3115 963 3197 post
983 3109 1094 3175 filium
1107 3107 1323 3196 paupercule
1344 3129 1410 3173 rnu-

221 3225 317 3291 lioris
332 3223 500 3305 balneari,
516 3225 668 3291 tamdem
682 3224 870 3299 consensit,
882 3231 926 3305 et,
941 3246 1020 3291 cum
1031 3246 1118 3313 puer
1132 3231 1295 3291 matrone
1308 3225 1411 3313 impo-

214 3342 308 3407 situs
338 3347 429 3406 esset
446 3342 489 3406 in
515 3339 640 3406 balneo
666 3341 701 3405 in
729 3362 798 3428 quo
824 3340 918 3406 lilius
945 3340 1095 3429 uirginis
1122 3340 1188 3406 fuit
1217 3340 1409 3411 balneatus,

215 3457 334 3523 statim
349 3456 440 3544 cepit
455 3455 578 3522 ridere.

289 3572 345 3640 Sic
360 3570 511 3662 quilibet
531 3572 566 3637 in
582 3571 706 3639 balneo
728 3571 964 3640 tribulationis
980 3571 1103 3653 rideat,
1121 3573 1291 3661 quoniam
1310 3589 1410 3659 tcum·

213 3712 232 3755 a
254 3688 375 3757 calidis
396 3687 531 3755 balneis
546 3687 705 3778 gehenne
723 3688 838 3754 taliter
853 3687 1032 3755 liberatur.

326 3939 461 3994 CLXIX.
488 3969 521 3977 -
550 3938 599 3992 ba
628 3937 800 4002 otssublll
829 3938 986 3993 SANCTA
1012 3937 1232 3993 llELlGIOSA
1259 3938 1308 4009 (2).

281 4106 436 4186 Quodam
458 4107 633 4197 religiosa,
654 4129 733 4174 cum
750 4114 954 4196 quereretur
969 4129 988 4172 a
1008 4128 1089 4172 sene
1104 4105 1282 4195 quomodo
1299 4113 1413 4173 sancta

214 4230 302 4289 osset
319 4223 495 4312 religiosa,
513 4224 561 4288 ait
579 4244 585 4290 :
608 4222 707 4303 llibi,
726 4244 805 4288 cum
822 4244 932 4289 essem
949 4222 1109 4309 paruula,
1132 4223 1308 4311 luitpater
1327 4221 1412 4288 mul·

215 4344 289 4404 turn
310 4344 523 4406 mansuetus.
540 4337 607 4405 Vix
626 4361 645 4404 a
666 4338 768 4404 domo
784 4361 846 4404 sua
865 4336 1052 4405 uidebatur
1065 4339 1171 4404 exire.
1191 4337 1340 4418 Quando
1355 4337 1411 4404 ali·

269 4525 308 4595 (l)
325 4527 419 4580 lleme
434 4543 562 4582 sermon.

270 4614 306 4684 (2)
326 4615 418 4669 llerne
438 4630 566 4673 sermon.
