3270 5626
376 489 422 538 302
612 484 761 537 ODONIS
782 487 834 538 Db}
861 487 1070 539 GERITONA
1097 484 1345 536 PARABOLAE.

584 701 688 758 xcvi.
717 735 751 743 -
774 703 825 758 DE
847 702 1037 759 Touruca
1065 702 1111 757 ET
1139 701 1295 768 AQUILA
1319 701 1369 775 (t).

443 853 680 923 Introducitur
702 853 820 945 aquila
844 855 993 945 loquens
1017 853 1061 922 ad
1081 860 1267 936 tortucam,
1289 853 1438 922 dicens:
1466 854 1574 935 Quare

378 992 515 1061 semper
533 971 572 1037 in
586 971 678 1060 ymis
698 970 836 1038 latitas?
850 970 918 1038 Cur
939 970 976 1037 in
996 969 1108 1038 altum
1129 970 1215 1038 ferri
1233 992 1307 1037 non
1327 969 1520 1059 permittis,
1540 976 1574 1037 ut

377 1092 515 1155 montes
541 1091 575 1152 et
607 1085 748 1154 arbores
777 1085 821 1153 ab
847 1085 917 1154 alto
946 1085 1163 1175 conspicias?
1186 1084 1379 1176 Respondit
1411 1089 1571 1153 tortuca:

378 1201 474 1270 Istud
495 1200 635 1269 diucius
663 1201 833 1284 affectaui,
855 1208 890 1269 et
910 1201 1069 1290 supplico
1091 1207 1130 1268 ut
1149 1222 1207 1268 me
1232 1199 1269 1269 in
1286 1201 1401 1268 altum
1416 1200 1570 1269 extollas.

377 1317 506 1409 Aquila
534 1323 706 1385 tortucam
732 1317 936 1406 assumpsit,
964 1317 1058 1384 ultra
1083 1338 1208 1384 omnes
1239 1322 1378 1384 montes
1406 1317 1445 1384 in
1469 1316 1572 1384 altum

378 1434 500 1516 erexit,
516 1439 550 1501 et
563 1433 613 1500 ait
634 1453 642 1501 :
664 1431 801 1499 Sufficit
815 1430 879 1499 tibi
899 1430 963 1500 bec
982 1432 1102 1500 omnia
1121 1429 1271 1514 uidisse,
1291 1437 1326 1500 et
1343 1431 1486 1500 dimisit
1504 1454 1571 1500 earn

378 1549 500 1619 cadere
515 1571 623 1638 super
636 1569 770 1637 rupem,
788 1553 823 1615 et
842 1548 982 1637 penitus
997 1547 1174 1617 contracta
1189 1553 1253 1616 est·
1294 1552 1302 1567 '

445 1665 488 1732 Et
502 1665 554 1732 sic
573 1661 734 1731 diabolus
744 1663 915 1752 paulatim
932 1663 1113 1731 hominem
1128 1686 1191 1754 per
1205 1662 1409 1756 superbiam
1424 1664 1570 1744 extollit,

378 1778 439 1848 sed
461 1780 577 1869 ipsum
600 1777 643 1847 ab
670 1778 740 1846 alto
765 1778 808 1847 ad
837 1779 1016 1847 infernum
1043 1779 1238 1847 nouissime
1261 1802 1365 1848 ruere
1394 1781 1570 1870 permittit.

537 2002 659 2057 XCVII.
682 2033 718 2044 —
745 2003 796 2057 DE
825 2001 1100 2058 SALAMANDRA
1129 2003 1176 2058 ET
1204 2003 1339 2059 brusca
1367 2004 1417 2076 (2).

444 2150 683 2234 Salamandra,
701 2152 832 2220 animal
848 2175 1080 2235 uenenosum,
1097 2174 1177 2221 cum
1198 2153 1308 2221 semel
1328 2161 1422 2223 esset
1442 2155 1480 2222 in
1500 2156 1572 2245 igne

378 2269 440 2338 ubi
464 2291 590 2337 aurum
613 2266 880 2358 excoquebatur,
906 2268 1152 2352 introducitur,
1169 2267 1319 2360 loquens
1339 2268 1384 2337 ad
1406 2292 1570 2344 muscam.

378 2384 497 2454 dicens
519 2384 614 2453 :Cur
628 2385 790 2475 angustia
810 2390 843 2452 et
862 2384 1019 2474 periculo
1039 2385 1173 2452 uictum
1194 2389 1295 2452 tuum
1316 2383 1498 2477 adquiris?
1515 2386 1573 2454 Ve-

377 2502 455 2569 nias
477 2499 520 2568 ad
544 2522 612 2581 me,
630 2498 718 2568 dabo
737 2498 803 2567 tibi
825 2521 951 2568 aurum
976 2501 1014 2568 in
1034 2498 1281 2568 habundancia
1299 2505 1339 2568 ut
1357 2502 1494 2570 uictum
1517 2501 1573 2569 ha·

378 2615 460 2684 beas
474 2616 550 2682 sine
565 2612 697 2682 labore.
719 2613 838 2683 Musca
857 2637 943 2683 uero
962 2614 1191 2705 adquiescens
1211 2615 1248 2681 in
1268 2615 1404 2684 medias
1421 2616 1573 2686 dammas

377 2736 520 2822 propter
534 2752 659 2799 aurum
679 2752 716 2799 se
736 2730 869 2810 iniecit,
887 2737 921 2798 et
935 2730 1106 2799 conbusta
1125 2737 1189 2799 cst.
1212 2718 1214 2723 ⁸
1252 2712 1257 2719 ⁵

444 2845 685 2928 Salamandra,
707 2847 835 2913 uiuens
855 2847 892 2913 in
918 2847 1011 2937 igne,
1038 2852 1091 2914 est
1110 2848 1254 2937 spiritus
1278 2847 1472 2940 malignus,
1497 2850 1572 2941 quia

377 2963 415 3030 in
430 2962 523 3030 malo
539 2962 621 3052 igne
636 2961 769 3051 positus
785 2967 883 3029 estet
897 2963 1065 3029 nutritus.
1083 2961 1150 3042 Qui
1165 2962 1252 3031 dicit
1269 2955 1474 3052 peccatori:
1492 2968 1570 3033 Cum

376 3100 504 3169 magno
520 3077 637 3145 labore
659 3076 816 3167 adquiris
831 3078 1010 3145 uictualia.
1029 3078 1156 3146 Venias
1176 3078 1219 3147 ad
1236 3101 1304 3163 me,
1321 3081 1359 3147 in
1379 3081 1499 3171 ignem
1519 3104 1571 3150 eu·

378 3191 532 3283 piditatis
552 3199 585 3260 te
601 3194 736 3281 proice;
759 3194 928 3282 rapinam,
951 3216 1107 3275 usuram,
1128 3196 1319 3284 periuriam
1346 3196 1421 3286 (sic)
1440 3220 1568 3272 exerce:

378 3308 466 3377 dabo
487 3307 551 3376 tibi
574 3331 700 3375 aurum
725 3315 759 3376 et
781 3317 965 3399 argentum
986 3315 1024 3376 ut
1046 3311 1149 3378 uiuas
1170 3312 1247 3379 sinc
1272 3311 1404 3380 labore.
1433 3313 1496 3381 Cui
1520 3312 1568 3381 ad·

378 3426 562 3515 quiescens
585 3431 744 3514 peccator
765 3424 802 3491 in
826 3426 942 3515 ignem
972 3425 1172 3514 cupiditatis
1202 3449 1237 3494 se
1268 3429 1406 3516 proicit.
1441 3437 1473 3497 ot
1497 3451 1565 3497 cunr

377 3540 532 3630 maligno
548 3539 673 3629 spiritu
690 3540 771 3628 igne
787 3539 1017 3606 comburitur.

431 3762 571 3817 xcvrll.
601 3794 636 3803 -
663 3763 713 3818 DE
742 3762 911 3827 QUODAM
940 3762 1088 3818 STULTO
1112 3764 1164 3819 ΑΙ)
1194 3763 1522 3824 SUSPENDENDUM

797 3860 1075 3916 CONDEMNATO
1106 3861 1154 3934 (3).

444 4010 594 4092 Quidam
621 4012 762 4091 stultus,
785 4009 1063 4099 condempnatus
1086 4010 1127 4078 ad
1148 4012 1450 4103 suspendendum,
1473 4018 1563 4105 impe

380 4127 487 4194 trauit
508 4126 601 4217 quod
626 4127 785 4194 arborem
809 4127 953 4214 eligeret
977 4126 1036 4194 ubi
1059 4127 1344 4217 suspenderetur.
1368 4131 1499 4201 Ductus
1516 4149 1563 4221 per

429 4313 468 4383 (1)
483 4314 515 4367 In
535 4314 658 4368 octabam
677 4315 854 4377 Pentecostes,
876 4313 1024 4369 secuudum
1041 4315 1200 4383 Iohannem,
1218 4316 1285 4385 ‚eja
1304 4347 1340 4357 -
1355 4318 1426 4374 Erat
1441 4319 1523 4374 borno
1535 4326 1559 4366 et

377 4401 520 4471 phariseis
533 4404 652 4457 nominc
671 4404 877 4458 Nicbodemus

431 4491 469 4562 (i)
486 4492 577 4545 thc
594 4509 723 4547 sermon.

429 4579 467 4649 (3)
488 4581 580 4634 Mene
596 4597 725 4636 sermon.
