3270 5626
220 516 265 565 39⁰
548 510 698 563 ononis
724 510 900 564 FABULIS
929 508 1092 567 nnnl‘ra,

220 659 305 749 quia
330 655 486 748 pulcrior
505 677 580 723 esse
608 654 782 725 desiderat
807 677 914 746 quam
933 653 1028 722 Deus
1057 672 1136 720 eam
1161 650 1304 731 fecerit;
1326 650 1419 738 quasi

220 773 377 841 diceret:
400 771 560 854 Domine,
589 792 660 839 non
684 771 773 839 bene
796 792 854 838 me
873 770 1044 851 formasti,
1071 789 1137 835 nee
1157 765 1293 858 pellem
1311 785 1420 831 meam

221 890 258 957 in
277 888 365 956 faeie
384 908 463 955 mea
477 887 693 954 sufficienter
706 886 889 954 decorasti.
950 911 955 919 ·

286 1002 386 1071 Vnde
413 1003 609 1070 leronimus
627 1001 779 1070 :Mulier
804 1002 847 1071 ad
881 1000 1065 1092 speculum
1084 997 1305 1089 depungitur
1324 995 1419 1086 (citui

214 1141 306 1212 pour
323 1118 537 1210 depingitur)
553 1123 588 1186 et
603 1118 640 1185 in
659 1118 911 1187 contumeliam
930 1117 1075 1186 artificis
1095 1120 1246 1184 conatur
1269 1113 1419 1204 pulcrior

219 1257 294 1303 esse
318 1257 425 1325 quam
450 1239 531 1301 nata
555 1234 611 1300 sit.
637 1234 678 1301 Et
700 1233 783 1302 inde
804 1235 958 1303 infantes
980 1233 1154 1324 garriunt,
1180 1229 1322 1298 familia
1349 1252 1418 1319 per·

219 1351 353 1439 strepit,
385 1355 634 1440 computantur
662 1356 836 1440 sumptus,
865 1349 1039 1440 stipendia
1067 1352 1317 1439 preparantur.
1335 1345 1416 1412 Hine

217 1467 373 1534 accincta
396 1487 522 1533 manus
548 1487 712 1534 cocorum
734 1488 857 1534 carnes
880 1467 974 1549 terit,
998 1464 1082 1532 hinc
1103 1463 1297 1532 textricum
1322 1460 1416 1529 turba

217 1587 506 1650 commurmurat.
530 1580 723 1671 Responde,
745 1604 867 1673 quesn,
891 1582 984 1648 inter
1002 1581 1069 1648 ista
1086 1578 1147 1648 vbi
1176 1578 1223 1646 sit
1245 1578 1309 1646 Dei
1329 1579 1415 1668 eogi-

217 1698 327 1764 tatio‘l
342 1696 429 1765 ltem
447 1696 532 1764 dicit
548 1716 556 1763 :
575 1697 658 1765 Plus
674 1697 800 1765 faciam
819 1719 926 1787 quam
941 1702 992 1765 tu.
1011 1696 1054 1764 Et
1071 1701 1157 1763 tunc
1177 1695 1365 1783 permittis,
1386 1700 1415 1759 et

217 1812 400 1902 plicaturis
418 1818 551 1880 vestem
571 1812 799 1905 distinglulit,
820 1817 1001 1904 unguento
1020 1810 1138 1881 lucido
1159 1811 1291 1879 faciem
1311 1810 1413 1899 vngit.

142 1957 145 1961 ·
217 1929 254 1995 in
289 1928 432 2017 speculo
460 1928 625 2018 seipsam,
657 1934 776 1996 vtrum
808 1928 963 2018 pulcrior
995 1933 1161 2017 appareat
1195 1923 1343 1995 ridendo
1365 1926 1413 1992 vel

217 2043 320 2111 aliter
344 2065 380 2111 se
400 2042 573 2127 habendo,
595 2043 785 2135 diligenter
808 2043 874 2134 (se)
894 2042 1053 2112 attendit.
1073 2045 1202 2110 Contra
1224 2041 1316 2110 tales
1338 2040 1415 2110 dicit

217 2159 388 2227 Dominus
400 2160 438 2227 in
454 2159 542 2228 Osee
559 2159 606 2249 (l)
624 2181 632 2227 :
648 2160 756 2227 Auler
771 2160 1027 2228 fornicaciones
1043 2164 1121 2226 tuas
1140 2175 1161 2226 a
1181 2157 1274 2226 faeie
1292 2164 1363 2226 tua.
1379 2156 1414 2223 ln

216 2275 305 2343 lacie
329 2276 425 2343 enim
450 2280 584 2357 ornata,
602 2274 730 2343 mulier
751 2274 836 2343 facit
857 2273 1084 2357 adulterium,
1106 2272 1251 2365 quando
1276 2272 1413 2364 plurimi

217 2413 279 2480 per
307 2393 383 2458 eius
403 2392 709 2481 corlr]umpuntnr
736 2396 929 2480 aspectum.
956 2388 1054 2458 Vnde
1075 2389 1207 2458 Paulus
1234 2389 1280 2456 ad
1303 2386 1414 2458 Corin·

216 2505 309 2573 thies
328 2506 376 2595 (t)
392 2527 400 2573 :
418 2505 545 2574 Mulier
564 2505 666 2574 dehet
686 2505 813 2574 hahere
833 2506 995 2574 velamen
1017 2527 1122 2595 super
1141 2503 1259 2595 capud
1282 2509 1413 2595 propter

216 2621 557 2712 angelos3quoniam
568 2622 718 2712 angelus
734 2621 921 2712 deputatus
934 2621 977 2689 ad
992 2619 1188 2712 custodiam
1203 2622 1410 2695 animarum,

215 2758 297 2805 cum
314 2736 408 2805 videt
417 2738 585 2820 animam,
598 2759 705 2827 quam
720 2736 822 2806 dehet
835 2736 1022 2820 custodire,
1034 2759 1095 2827 per
1108 2743 1278 2805 ornatum
1292 2736 1412 2805 mulio·

217 2853 265 2920 ris
279 2854 471 2944 corrumpi,
488 2854 718 2944 conqueritur
737 2853 886 2921 Domino
906 2853 948 2921 de
968 2854 1030 2921 illa
1048 2852 1208 2921 officium
1223 2875 1329 2922 suum
1344 2875 1412 2943 pcr-

216 2969 378 3036 turbante
399 2976 432 3037 et
452 2970 551 3059 quasi
568 2968 774 3036 thesaurum
795 2991 899 3036 suum
915 2969 1106 3050 auferente,
1129 2976 1262 3036 etcum
1284 2992 1412 3059 semper

215 3083 310 3151 videt
331 3086 455 3151 faeiem
473 3086 547 3167 Dei,
565 3087 664 3174 quasi
681 3107 820 3175 semper
842 3086 1080 3173 conqueritur.
1100 3083 1200 3151 Vnde
1219 3085 1359 3153 Veritas
1377 3084 1411 3150 de

217 3197 345 3265 talibus
363 3198 446 3266 dicit
464 3222 471 3267 :
489 3201 517 3267 V
520 3225 537 3267 e
559 3201 625 3282 illi,
644 3223 705 3289 per
723 3223 828 3290 quem
843 3200 1048 3268 scandalum
1064 3201 1161 3267 venit
1180 3201 1246 3291 (3)!

281 3314 445 3382 Mulieres
480 3339 574 3390 vero,
609 3318 637 3382 si
671 3323 787 3383 essent
814 3317 904 3383 male
936 3324 1070 3391 ornate.
1098 3340 1160 3407 per
1190 3317 1326 3406 plateas
1351 3340 1409 3384 neu

216 3429 429 3511 incederent,
453 3439 489 3498 vt
504 3433 640 3498 animas
660 3438 834 3522 caperent.

284 3681 304 3734 V
332 3682 462 3751 (XCIV).
493 3713 526 3720 -
555 3684 617 3751 {DE
646 3683 859 3737 MURllAEtitl
888 3683 1078 3736 rtttetttte
1108 3683 1156 3736 ET
1184 3682 1351 3752 [utrumq

699 3839 927 3908 Exemplum.

282 4019 380 4086 Vnde
419 4019 561 4107 quidam
590 4019 713 4087 habuit
736 4021 898 4109 pulcrum
934 4021 1151 4110 Murelegum
1179 4029 1215 4089 et
1235 4025 1407 4114 pinguem.

213 4140 247 4200 et
280 4133 366 4201 dixit
397 4137 426 4200 ei
459 4136 596 4203 vicinus
624 4157 630 4202 :
659 4135 859 4225 Murelegus
888 4142 968 4203 tuus
999 4159 1060 4226 pro
1091 4136 1333 4225 pulcritudine
1359 4162 1407 4205 sua

214 4249 324 4338 fugiet
346 4255 378 4317 et
402 4250 516 4340 ipsum
540 4252 691 4318 amittes
714 4251 810 4319 Vnde
834 4252 981 4318 consilio
1001 4253 1077 4318 rius
1098 4253 1249 4321 caudam
1275 4254 1407 4323 abscidit

266 4439 302 4509 (l)
321 4439 413 4524 Voyer.
430 4440 459 4493 C.
478 4457 507 4504 rr,
523 4457 548 4493 r.
565 4443 589 4494 i.

267 4531 301 4591 (tt
323 4528 420 4596 lipltrr
436 4530 554 4591 l,t}.x1,
570 4547 593 4583 r.
614 4533 654 4582 10.

267 4615 303 4685 (3)
325 4617 429 4688 lirang.
444 4617 524 4671 selon
548 4619 574 4672 S.
592 4618 730 4685 Mathieu,
747 4620 777 4673 C.
795 4636 872 4686 xrru,
889 4636 914 4675 r.
931 4623 956 4673 ῖ.
