3270 5626
356 491 404 540 ³⁸2
655 504 658 508 ’
689 483 843 537 ODONlS
868 483 1047 538 FABULIS
1073 481 1240 541 subire,

357 631 522 702 omnibus
536 629 713 699 benefieiis
725 630 795 697 mei
805 628 863 720 (jls
879 628 1011 711 oblitis,
1022 626 1191 719 expulsus
1205 647 1285 695 sum
1296 648 1316 694 a
1329 624 1443 707 curia,
1452 647 1550 718 vagus

357 754 391 817 et
405 747 585 837 profugus,
600 743 736 835 (rolla)
744 742 883 828 debilis,
900 745 1004 828 fame,
1017 742 1175 830 nuditate
1185 749 1220 811 et
1231 741 1364 834 frigore
1374 764 1552 835 oppressus

356 864 414 932 hic
440 870 474 930 et
496 866 701 952 prostratus.
730 860 817 928 Ecce
837 861 941 951 quale
964 860 1133 930 meritum
1156 881 1280 927 cursus
1299 857 1428 927 mundi
1449 857 1554 926 reddit

356 984 496 1070 propter
515 982 696 1066 acceptum
713 974 936 1058 beneficium,
953 983 987 1045 et
1006 976 1058 1045 sic
1079 974 1122 1045 de
1137 974 1238 1044 vobis
1257 973 1377 1042 simile
1402 978 1456 1042 est
1476 973 1553 1042 iudi·

355 1094 460 1164 cium.
474 1094 549 1176 Quo
564 1091 670 1175 dicto,
687 1092 789 1160 miles
804 1091 926 1161 dolens
946 1098 981 1161 et
994 1090 1145 1161 ulterius
1160 1088 1388 1181 proficiscens
1403 1089 1555 1159 obuiauit

357 1208 496 1280 cuidam
516 1206 601 1276 ltoui
622 1208 719 1276 senio
734 1208 929 1291 confracto;
946 1209 1016 1289 cui,
1033 1228 1176 1277 causam
1192 1204 1388 1297 predictam
1403 1205 1554 1274 seriatim

355 1327 567 1416 exprimens,
590 1325 678 1414 petit
700 1323 831 1392 iustum
855 1323 1028 1392 iudicium
1047 1322 1278 1413 interipsum
1297 1328 1334 1390 et
1352 1320 1553 1412 Serpentem

356 1440 520 1511 discerni.
538 1439 650 1523 Certe,
672 1437 787 1529 inquit
806 1439 884 1521 Bos,
903 1440 993 1508 sicut
1011 1461 1076 1531 ego
1098 1460 1160 1529 pro
1185 1436 1356 1506 beneficio
1376 1458 1460 1506 meo
1476 1436 1556 1507 indi·

356 1563 454 1624 catus
474 1576 564 1637 sum,
582 1555 631 1621 ita
650 1577 670 1622 a
690 1552 798 1622 simili
816 1576 878 1623 vos
899 1553 1074 1623 iudicabo.
1094 1553 1161 1623 Per
1177 1552 1309 1622 multos
1333 1553 1436 1621 enim
1455 1574 1554 1621 annos

356 1671 490 1738 seruiui
508 1669 651 1738 domino
669 1691 761 1753 mee,
783 1669 927 1738 trahens
944 1671 983 1737 in
997 1671 1155 1761 plaustro
1174 1678 1210 1737 et
1227 1690 1355 1738 caruca
1373 1690 1479 1738 arans
1497 1675 1555 1736 ter·

357 1808 413 1854 ras
433 1807 525 1870 suas,
543 1785 640 1852 omni
661 1790 819 1876 tempore
835 1784 1015 1855 subdendo
1035 1785 1166 1854 collum
1184 1805 1305 1854 meum
1326 1784 1413 1875 iugo
1433 1806 1507 1866 suo,
1526 1791 1556 1853 et

357 1922 498 1990 semper
511 1909 652 1990 paratus
671 1899 715 1968 ad
735 1901 855 1969 omnia
869 1924 932 1991 pro
950 1900 1163 1992 eom[m]cdo
1182 1906 1217 1969 et
1234 1899 1349 1969 libitis
1363 1899 1441 1969 suis
1456 1897 1553 1968 michi

358 2015 534 2109 imposita,
552 2022 586 2084 et
605 2038 711 2098 nune,
729 2018 812 2108 quia
826 2016 943 2085 delicit
953 2017 1065 2086 virtus
1079 2014 1260 2107 operandi,
1278 2021 1458 2085 extractus
1471 2036 1553 2098 sum,

357 2142 394 2203 vt
415 2155 533 2215 senex,
555 2131 694 2200 aseclis
709 2131 797 2200 meis
817 2132 853 2199 in
868 2134 972 2200 istam
988 2137 1179 2223 pasturam,
1201 2153 1274 2201 uon
1293 2153 1357 2222 pro
1372 2153 1455 2200 meo
1473 2152 1556 2200 cenr-

358 2247 475 2331 modo,
494 2255 546 2317 set
559 2254 607 2333 vt,
624 2270 706 2317 cum
724 2247 862 2339 pinguis
877 2247 989 2330 fuero,
1007 2270 1064 2316 me
1074 2246 1236 2317 occidant
1247 2253 1282 2315 et
1297 2246 1554 2337 oomlm)edant.

359 2365 448 2433 Ecce
463 2386 527 2455 ego
543 2386 605 2454 pro
624 2360 744 2432 labore
763 2364 919 2452 corporis
939 2365 1010 2431 mei
1029 2363 1193 2432 omnibus
1208 2361 1334 2431 diebus
1353 2364 1446 2432 meis
1461 2361 1556 2454 quale

357 2479 568 2549 beneficium
584 2480 623 2546 in
642 2479 711 2547 fine
732 2478 878 2548 habebo.
901 2479 966 2546 Hic
984 2486 1037 2547 est
1056 2502 1180 2548 cursus
1201 2478 1324 2561 seculi,
1346 2484 1383 2547 et
1401 2478 1504 2548 aliter
1520 2477 1556 2546 de

357 2594 457 2663 vobis
479 2596 597 2663 nescio
613 2594 781 2663 iudicare.
799 2593 969 2674 Audisne,
986 2595 1103 2687 inquit
1121 2593 1283 2686 Serpens,
1299 2617 1321 2662 o
1336 2593 1454 2676 miles,
1476 2593 1558 2662 iudi·

358 2710 451 2780 cium
464 2711 612 2779 istorum
623 2709 773 2778 duorum
785 2711 997 2800 sapientum.
1009 2711 1201 2792 Queramus
1211 2700 1295 2802 ergo
1305 2711 1465 2793 tertium,
1475 2717 1511 2776 vt
1520 2732 1557 2777 ex

358 2848 418 2895 ore
433 2849 555 2895 eorum
568 2824 675 2894 trium
689 2826 778 2894 scias
794 2832 827 2894 te
841 2848 965 2894 verum
985 2825 1113 2895 habere
1129 2825 1314 2895 iudicium.
1332 2825 1558 2895 Procedentes

357 2965 439 3011 vero
451 2943 615 3010 viderunt
628 2942 778 3032 Vulpem
794 2963 910 3009 eoram
927 2943 977 3009 eis
992 2942 1243 3024 ambulantem,
1260 2943 1471 3032 vocauitque
1485 2963 1558 3009 eum

358 3059 472 3138 miles,
490 3057 609 3125 dicens
628 3078 635 3123 :
657 3056 819 3138 Attende,
837 3056 1111 3147 prudentissima
1131 3058 1253 3138 bestia,
1269 3063 1303 3125 et
1326 3057 1447 3126 iudica
1468 3058 1559 3147 equi-

359 3179 464 3241 tatem
479 3174 638 3240 interme
652 3180 685 3240 et
699 3174 805 3240 istum
819 3172 1037 3262 Serpentem.
1049 3172 1124 3253 Quo
1137 3172 1340 3241 attendente
1357 3179 1392 3241 et
1404 3173 1558 3264 querelas

359 3311 462 3357 cause
478 3311 520 3356 ex
540 3296 685 3379 vtraque
706 3297 802 3379 parte
818 3289 995 3372 audiente,
1013 3287 1102 3356 dixit
1114 3289 1245 3378 Vulpes
1263 3309 1270 3355 :
1290 3289 1332 3355 El
1353 3291 1383 3356 si
1401 3312 1457 3357 me
1476 3289 1559 3357 iudi-

359 3426 434 3473 cem
451 3405 541 3472 inter
555 3427 616 3471 vos
629 3405 853 3487 constituitis
865 3412 999 3496 oportet
1016 3427 1070 3472 me
1083 3404 1236 3472 sedendo
1252 3404 1422 3472 iudicare.
1435 3405 1558 3473 Videns

358 3543 426 3612 que
447 3520 495 3587 ibi
516 3520 694 3587 tumulum
716 3526 805 3588 terre
825 3520 966 3588 sedebat
984 3527 1020 3586 vt
1036 3519 1158 3609 judex,
1185 3520 1269 3611 ipsis
1288 3520 1403 3588 milite
1430 3527 1465 3589 et
1489 3522 1558 3588 Ser·

358 3643 461 3728 pente
482 3637 517 3703 in
539 3636 687 3726 Vulpem
711 3636 863 3704 iudicem
883 3635 1197 3703 consentientibus
1221 3636 1318 3703 Tunc
1338 3637 1388 3703 ait
1410 3636 1557 3728 Vulpes:

360 3753 421 3820 Die
444 3752 542 3834 mihi,
564 3751 725 3842 Serpens,
744 3750 801 3817 vbi
822 3751 931 3832 luisti,
954 3749 1107 3841 quande,
1131 3758 1168 3818 tu
1189 3758 1223 3818 et
1245 3751 1360 3833 miles,
1385 3752 1500 3842 primo
1523 3750 1558 3819 ad

360 3869 514 3936 inuicem
531 3869 635 3936 locuti
652 3868 779 3935 fuistis.
798 3868 908 3949 Certe,
928 3868 1042 3957 inquit
1060 3868 1223 3957 Serpens,
1241 3890 1347 3958 super
1362 3874 1507 3936 terram.
1525 3868 1558 3934 Et

360 3984 490 4074 Vulpes
510 3983 648 4051 adeum
666 4006 674 4051 ι
697 3981 871 4051 Descende
886 4005 967 4071 ergo
981 3982 1023 4051 ad
1040 3990 1182 4063 terram,
1202 3982 1284 4073 quia
1299 3985 1449 4053 omnino
1469 4007 1559 4074 opor·

360 4104 410 4166 tet
428 4122 489 4166 vos
515 4100 680 4190 separari,
703 4107 740 4166 vt
759 4098 966 4187 singillatim
989 4105 1023 4166 et
1044 4099 1231 4187 separatim
1251 4105 1406 4167 vestram
1425 4120 1558 4167 causam

361 4221 481 4304 potero
493 4216 707 4294 examinarem
720 4214 821 4281 aliter
834 4236 969 4302 nequeo
983 4236 1105 4281 verum
1122 4212 1288 4281 iudicare.
1302 4214 1457 4304 Serpens
1472 4237 1556 4281 vero.

361 4329 403 4398 ad
417 4339 619 4421 preceptum
636 4329 762 4398 iudicis
778 4323 992 4397 descendens
1014 4351 1075 4419 per
1090 4330 1260 4408 lanceam,
1283 4333 1449 4419 pausauit
1465 4350 1558 4419 snper

362 4453 504 4527 terram,
519 4448 736 4514 sentenciam
752 4444 950 4512 auditurus.
964 4445 1060 4512 Tunc
1068 4445 1200 4535 Vulpes
1213 4444 1256 4513 ad
1271 4445 1425 4514 militem
1439 4468 1447 4514 :
1461 4447 1501 4514 Et
1515 4455 1554 4511 lu.

361 4562 476 4644 miles,
492 4561 665 4651 quomodo
681 4560 800 4629 vidisti
816 4561 929 4650 primo
943 4559 1172 4649 Serpentem?
1187 4560 1286 4629 Miles
1299 4562 1419 4652 inquit
1436 4584 1444 4630 :
1464 4560 1555 4652 Equi-
