3270 5626
569 484 757 539 FABULAE.
1218 491 1260 538 431

62 630 150 696 Cum
171 633 289 695 autem
309 649 458 717 magnus
473 629 585 696 tactus
605 629 730 697 luisset
750 628 881 718 pullus,
899 628 960 697 ille
975 628 1161 698 deuorauit
1178 631 1265 698 Bur-

63 750 196 824 natam,
213 743 387 811 nutricem
407 765 520 811 suam.

129 857 315 927 Maledicta
333 859 379 926 sit
396 858 473 927 talis
487 860 681 928 nutritura!

343 1108 460 1163 XXXV.
490 1140 524 1150 -
552 1109 722 1181 [VULPES
750 1111 799 1165 ET
825 1109 983 1181 daura]

505 1281 594 1342 Alia
614 1282 660 1342 de
682 1284 823 1342 eodem.

127 1462 269 1552 Vulpes,
288 1463 408 1531 volens
430 1487 524 1532 mare
541 1465 703 1546 transire,
724 1465 863 1554 rogauit
878 1465 1028 1534 Nautam
1043 1472 1081 1533 vt
1095 1488 1132 1534 se
1147 1472 1246 1534 trans

59 1581 185 1659 terret3
213 1579 318 1670 quod,
340 1579 446 1647 naulo
467 1582 668 1664 constituto,
690 1581 803 1648 Nauta
822 1581 915 1649 fecit.
938 1581 1026 1650 Cum
1046 1587 1165 1649 autem
1192 1582 1261 1650 iam

60 1694 214 1764 adalind
232 1696 314 1763 litus
330 1702 474 1763 ventum
490 1697 625 1778 luisset,
642 1695 756 1764 Nauta
775 1695 880 1787 peciit
892 1697 1055 1765 naulum.
1073 1697 1117 1764 At
1132 1696 1264 1786 Vulpes

62 1812 193 1877 minxit
212 1832 318 1900 super
337 1810 496 1895 caudam,
519 1818 554 1879 et
567 1813 716 1902 aspersit
734 1811 855 1879 oculos
869 1812 982 1881 Naute
997 1820 1030 1880 et
1050 1814 1150 1904 quasi
1165 1836 1264 1881 exce

62 1928 157 1995 cauit
172 1949 266 2007 eum,
282 1933 316 1993 et
331 1927 472 1994 saltauit
487 1926 529 1994 ad
546 1933 675 1994 terram
696 1933 793 1996 extra
807 1950 949 1996 nauem.
968 1927 1010 1995 Et
1023 1927 1112 1996 dixit
1125 1929 1238 1997 Nauta
1253 1950 1261 1998 τ

62 2042 194 2110 Malum
214 2042 382 2110 salarium
403 2041 584 2111 reddidisti
600 2042 701 2111 mihi.
719 2043 783 2111 Cui
802 2043 955 2133 Vulpes:
972 2043 1086 2111 Aliter
1100 2044 1175 2111 fieri
1192 2066 1262 2112 non

65 2159 190 2247 potuit,
206 2159 303 2226 iuxta
319 2157 406 2226 illud
424 2157 516 2249 qued
532 2160 701 2248 seriptum
717 2164 770 2226 est
791 2180 799 2226 ε

244 2319 437 2395 Semicinm‚
455 2320 541 2394 dica,
558 2320 666 2398 perdit
681 2320 736 2398 qui
753 2321 855 2382 seruit
870 2321 992 2398 iniquo.

334 2551 470 2607 XXXVI.
501 2582 534 2591 -
563 2551 756 2623 [SERPENS
786 2551 833 2606 ET
863 2549 997 2622 noua]

509 2724 597 2783 Alta
616 2726 663 2783 de
684 2726 821 2783 eodem.

127 2897 279 2986 Sel-pens
294 2897 429 2967 iacebat
444 2920 549 2988 super
564 2903 693 2965 terram
709 2898 928 2988 congelatam
949 2903 983 2965 et
1002 2897 1154 2964 multum
1171 2897 1262 2988 alge-

62 3013 131 3081 bat.
150 3011 299 3094 Quidam
315 3014 489 3081 transiens
504 3014 570 3082 hoc
586 3012 685 3096 vidit,
697 3020 742 3095 et,
760 3013 888 3104 pietate
903 3020 1032 3094 metus,
1050 3013 1166 3102 posuit
1181 3034 1261 3080 eum

62 3131 97 3196 in
118 3128 238 3197 sinum
253 3152 369 3211 suum,
387 3135 425 3197 ut
440 3128 624 3196 calefieret.
643 3129 725 3210 Qui,
742 3151 822 3197 cum
842 3128 1031 3196 calefactus
1047 3128 1183 3210 luisset,
1201 3150 1263 3219 pu-

62 3247 160 3336 pugit
186 3245 366 3312 hominem
386 3245 554 3335 grauiter.
579 3244 642 3313 Cui
665 3243 770 3311 homo
793 3265 800 3312 :
825 3246 939 3325 Quare
958 3266 1014 3312 me
1039 3245 1180 3335 pungis,
1202 3245 1262 3335 qui

62 3366 95 3429 te
110 3362 213 3451 posui
230 3363 267 3428 in
283 3362 363 3429 sinu
379 3383 457 3429 mee
472 3383 534 3449 pro
550 3360 640 3428 bono
655 3363 737 3428 tuo‘l
750 3360 793 3427 Et
806 3358 955 3449 Serpens
971 3381 978 3428 :
995 3359 1128 3443 Nescis,
1144 3361 1261 3441 stulte,

63 3474 155 3566 qued
175 3499 314 3566 semper
332 3477 399 3544 tuit
414 3483 447 3544 et
467 3478 534 3543 erit
549 3476 742 3544 inimicicia
758 3476 850 3543 inter
870 3475 1050 3544 hominem
1071 3482 1106 3542 et
1124 3499 1264 3566 serpen-

62 3599 146 3673 tem,
164 3597 199 3660 et
222 3591 336 3661 nescis
358 3593 441 3682 quia
466 3593 709 3681 scriptumest
733 3613 741 3660 :
769 3592 921 3681 Serpens
945 3592 982 3659 in
1005 3592 1097 3674 sinu,
1122 3614 1202 3660 mus
1227 3590 1262 3658 in

64 3731 147 3798 pera
167 3715 200 3776 et
223 3708 316 3798 ignis
340 3709 375 3775 in
396 3709 530 3799 gremio
554 3708 646 3775 male
668 3714 896 3776 remunerant
916 3707 1071 3798 hospites
1096 3710 1201 3774 suos?
1223 3707 1264 3774 Et

65 3823 144 3892 ideo
163 3823 257 3914 quod
276 3823 342 3892 feei
360 3823 436 3903 tibi,
458 3832 584 3892 natura
601 3846 656 3892 me
672 3824 785 3891 facere
801 3823 928 3913 coegit.

123 4073 276 4128 xxxvii.
306 4105 340 4114 -
368 4074 469 4145 [1,Εο,
500 4074 655 4129 t'ULPEs
684 4073 732 4128 ET
761 4072 886 4128 LUPES
914 4072 1197 4141 ExcottlnTUffl

463 4256 517 4313 De
538 4254 623 4314 odio
645 4253 868 4314 inueterata.

133 4439 201 4507 Leo
217 4439 368 4529 quodam
383 4437 452 4522 die,
467 4439 623 4530 grauiter
638 4437 846 4519 infirmatus
862 4435 1046 4505 mandauit
1059 4459 1122 4528 pro
1138 4435 1263 4525 l'ulpe‚

65 4560 101 4621 vt
120 4555 309 4622 consilium
329 4554 395 4622 sibi
418 4554 516 4622 daret
537 4554 707 4622 sanitatis,
725 4551 856 4642 Vulpes
876 4552 984 4634 venit,
1000 4551 1138 4620 vrinam
1160 4551 1266 4641 inspi-
