<?xml version="1.0" encoding="UTF-8"?>
<!DOCTYPE html PUBLIC "-//W3C//DTD XHTML 1.0 Transitional//EN"
    "http://www.w3.org/TR/xhtml1/DTD/xhtml1-transitional.dtd">
<html xmlns="http://www.w3.org/1999/xhtml" xml:lang="en" lang="en">
 <head>
  <title>
</title>
<meta http-equiv="Content-Type" content="text/html;charset=utf-8" />
  <meta name='ocr-system' content='tesseract 3.04.00' />
  <meta name='ocr-capabilities' content='ocr_page ocr_carea ocr_par ocr_line ocrx_word'/>
</head>
<body>
  <div class='ocr_page' id='page_1' title='image "./lesfabulistesla00hervgoog_0405.png"; bbox 0 0 3270 5626; ppageno 0'>
   <div class='ocr_carea' id='block_1_1' title="bbox 582 497 1413 552">
    <p class='ocr_par' dir='ltr' id='par_1_1' title="bbox 582 497 1413 552">
     <span class='ocr_line' id='line_1_1' title="bbox 582 497 1413 552; baseline 0 -2"><span class='ocrx_word' id='word_1_1' title='bbox 582 497 815 552; x_wconf 69' lang='lat' dir='ltr'>connsscrlo</span> <span class='ocrx_word' id='word_1_2' title='bbox 842 499 1046 552; x_wconf 79' lang='lat' dir='ltr'><strong>SECUNDA.</strong></span> <span class='ocrx_word' id='word_1_3' title='bbox 1367 501 1413 551; x_wconf 77' lang='grc'>393</span> 
     </span>
    </p>
   </div>
   <div class='ocr_carea' id='block_1_2' title="bbox 200 642 1448 4664">
    <p class='ocr_par' dir='ltr' id='par_1_2' title="bbox 204 642 1448 2353">
     <span class='ocr_line' id='line_1_2' title="bbox 210 642 1414 737; baseline -0.003 -23"><span class='ocrx_word' id='word_1_4' title='bbox 210 647 278 715; x_wconf 91' lang='lat' dir='ltr'>scis</span> <span class='ocrx_word' id='word_1_5' title='bbox 296 643 391 737; x_wconf 89' lang='lat' dir='ltr'>quod</span> <span class='ocrx_word' id='word_1_6' title='bbox 405 644 524 713; x_wconf 91' lang='lat' dir='ltr'>clerici</span> <span class='ocrx_word' id='word_1_7' title='bbox 539 644 682 734; x_wconf 90' lang='lat' dir='ltr'>pulsant</span> <span class='ocrx_word' id='word_1_8' title='bbox 697 666 885 735; x_wconf 87' lang='lat' dir='ltr'>campanas</span> <span class='ocrx_word' id='word_1_9' title='bbox 901 648 1041 734; x_wconf 88' lang='lat' dir='ltr'>propter</span> <span class='ocrx_word' id='word_1_10' title='bbox 1055 642 1279 711; x_wconf 82' lang='lat' dir='ltr'>oblaciones?</span> <span class='ocrx_word' id='word_1_11' title='bbox 1294 643 1414 712; x_wconf 90' lang='lat' dir='ltr'>Dormi</span> 
     </span>
     <span class='ocr_line' id='line_1_3' title="bbox 209 759 1415 851; baseline -0.002 -20"><span class='ocrx_word' id='word_1_12' title='bbox 209 760 335 831; x_wconf 90' lang='lat' dir='ltr'>adhuc.</span> <span class='ocrx_word' id='word_1_13' title='bbox 353 761 395 828; x_wconf 87' lang='lat' dir='ltr'>Et</span> <span class='ocrx_word' id='word_1_14' title='bbox 409 761 460 829; x_wconf 89' lang='lat' dir='ltr'>sic</span> <span class='ocrx_word' id='word_1_15' title='bbox 476 760 601 829; x_wconf 81' lang='lat' dir='ltr'><strong>transit</strong></span> <span class='ocrx_word' id='word_1_16' title='bbox 615 759 733 850; x_wconf 90' lang='lat' dir='ltr'>aliqua</span> <span class='ocrx_word' id='word_1_17' title='bbox 750 783 829 851; x_wconf 90' lang='lat' dir='ltr'>pars</span> <span class='ocrx_word' id='word_1_18' title='bbox 851 759 934 827; x_wconf 90' lang='lat' dir='ltr'>diei.</span> <span class='ocrx_word' id='word_1_19' title='bbox 953 760 1077 827; x_wconf 81' lang='lat' dir='ltr'><strong>Postea</strong></span> <span class='ocrx_word' id='word_1_20' title='bbox 1091 759 1220 827; x_wconf 90' lang='lat' dir='ltr'>iterum</span> <span class='ocrx_word' id='word_1_21' title='bbox 1234 761 1415 829; x_wconf 87' lang='lat' dir='ltr'>conscien-</span> 
     </span>
     <span class='ocr_line' id='line_1_4' title="bbox 209 874 1415 967; baseline -0.002 -20"><span class='ocrx_word' id='word_1_22' title='bbox 209 877 260 947; x_wconf 87' lang='lat' dir='ltr'>cia</span> <span class='ocrx_word' id='word_1_23' title='bbox 275 877 401 967; x_wconf 84' lang='lat' dir='ltr'>pungit</span> <span class='ocrx_word' id='word_1_24' title='bbox 419 897 497 944; x_wconf 87' lang='lat' dir='ltr'>eam</span> <span class='ocrx_word' id='word_1_25' title='bbox 519 874 612 966; x_wconf 93' lang='lat' dir='ltr'>quod</span> <span class='ocrx_word' id='word_1_26' title='bbox 631 874 735 944; x_wconf 87' lang='lat' dir='ltr'>vadat</span> <span class='ocrx_word' id='word_1_27' title='bbox 754 875 796 943; x_wconf 87' lang='lat' dir='ltr'>ad</span> <span class='ocrx_word' id='word_1_28' title='bbox 817 876 974 943; x_wconf 87' lang='lat' dir='ltr'>missam.</span> <span class='ocrx_word' id='word_1_29' title='bbox 993 874 1050 942; x_wconf 89' lang='lat' dir='ltr'>Set</span> <span class='ocrx_word' id='word_1_30' title='bbox 1065 897 1145 943; x_wconf 90' lang='lat' dir='ltr'>caro</span> <span class='ocrx_word' id='word_1_31' title='bbox 1166 875 1358 965; x_wconf 91' lang='lat' dir='ltr'>respondit,</span> <span class='ocrx_word' id='word_1_32' title='bbox 1380 883 1415 944; x_wconf 87' lang='lat' dir='ltr'>et</span> 
     </span>
     <span class='ocr_line' id='line_1_5' title="bbox 208 990 1413 1075; baseline -0.002 -14"><span class='ocrx_word' id='word_1_33' title='bbox 208 993 314 1062; x_wconf 89' lang='lat' dir='ltr'>dicit:</span> <span class='ocrx_word' id='word_1_34' title='bbox 329 992 445 1075; x_wconf 87' lang='lat' dir='ltr'>Quare</span> <span class='ocrx_word' id='word_1_35' title='bbox 461 992 531 1059; x_wconf 89' lang='lat' dir='ltr'>ires</span> <span class='ocrx_word' id='word_1_36' title='bbox 546 998 584 1058; x_wconf 89' lang='lat' dir='ltr'>tu</span> <span class='ocrx_word' id='word_1_37' title='bbox 599 992 648 1059; x_wconf 89' lang='lat' dir='ltr'>ita</span> <span class='ocrx_word' id='word_1_38' title='bbox 668 992 736 1059; x_wconf 90' lang='lat' dir='ltr'>cito</span> <span class='ocrx_word' id='word_1_39' title='bbox 756 991 800 1059; x_wconf 88' lang='lat' dir='ltr'>ad</span> <span class='ocrx_word' id='word_1_40' title='bbox 815 990 1021 1059; x_wconf 84' lang='lat' dir='ltr'>ecclesiam?</span> <span class='ocrx_word' id='word_1_41' title='bbox 1037 992 1136 1060; x_wconf 88' lang='lat' dir='ltr'>Certe</span> <span class='ocrx_word' id='word_1_42' title='bbox 1155 996 1194 1059; x_wconf 92' lang='lat' dir='ltr'>tu</span> <span class='ocrx_word' id='word_1_43' title='bbox 1214 990 1413 1060; x_wconf 82' lang='lat' dir='ltr'>destrueres</span> 
     </span>
     <span class='ocr_line' id='line_1_6' title="bbox 209 1105 1413 1198; baseline -0.002 -21"><span class='ocrx_word' id='word_1_44' title='bbox 209 1131 336 1198; x_wconf 90' lang='lat' dir='ltr'>corpus</span> <span class='ocrx_word' id='word_1_45' title='bbox 353 1112 469 1190; x_wconf 90' lang='lat' dir='ltr'>tunm,</span> <span class='ocrx_word' id='word_1_46' title='bbox 486 1107 516 1173; x_wconf 90' lang='lat' dir='ltr'>si</span> <span class='ocrx_word' id='word_1_47' title='bbox 532 1107 581 1174; x_wconf 92' lang='lat' dir='ltr'>ita</span> <span class='ocrx_word' id='word_1_48' title='bbox 602 1129 706 1174; x_wconf 89' lang='lat' dir='ltr'>mane</span> <span class='ocrx_word' id='word_1_49' title='bbox 723 1107 930 1189; x_wconf 82' lang='lat' dir='ltr'>surrexeris,</span> <span class='ocrx_word' id='word_1_50' title='bbox 951 1112 985 1173; x_wconf 91' lang='lat' dir='ltr'>et</span> <span class='ocrx_word' id='word_1_51' title='bbox 1004 1105 1072 1174; x_wconf 92' lang='lat' dir='ltr'>hoc</span> <span class='ocrx_word' id='word_1_52' title='bbox 1088 1106 1180 1174; x_wconf 86' lang='lat' dir='ltr'>Deus</span> <span class='ocrx_word' id='word_1_53' title='bbox 1198 1129 1268 1175; x_wconf 93' lang='lat' dir='ltr'>non</span> <span class='ocrx_word' id='word_1_54' title='bbox 1282 1107 1361 1175; x_wconf 91' lang='lat' dir='ltr'>vult</span> <span class='ocrx_word' id='word_1_55' title='bbox 1375 1114 1413 1175; x_wconf 90' lang='lat' dir='ltr'>vt</span> 
     </span>
     <span class='ocr_line' id='line_1_7' title="bbox 208 1220 1414 1312; baseline -0.001 -20"><span class='ocrx_word' id='word_1_56' title='bbox 208 1224 314 1293; x_wconf 89' lang='lat' dir='ltr'>homo</span> <span class='ocrx_word' id='word_1_57' title='bbox 334 1222 491 1292; x_wconf 89' lang='lat' dir='ltr'>destruat</span> <span class='ocrx_word' id='word_1_58' title='bbox 510 1223 684 1312; x_wconf 87' lang='lat' dir='ltr'>seipsum;</span> <span class='ocrx_word' id='word_1_59' title='bbox 707 1222 848 1312; x_wconf 86' lang='lat' dir='ltr'>quiesce</span> <span class='ocrx_word' id='word_1_60' title='bbox 864 1228 899 1290; x_wconf 91' lang='lat' dir='ltr'>et</span> <span class='ocrx_word' id='word_1_61' title='bbox 919 1220 1046 1289; x_wconf 88' lang='lat' dir='ltr'>dormi.</span> <span class='ocrx_word' id='word_1_62' title='bbox 1065 1222 1108 1288; x_wconf 90' lang='lat' dir='ltr'>Et</span> <span class='ocrx_word' id='word_1_63' title='bbox 1126 1223 1177 1289; x_wconf 90' lang='lat' dir='ltr'>sic</span> <span class='ocrx_word' id='word_1_64' title='bbox 1196 1223 1325 1291; x_wconf 77' lang='lat' dir='ltr'>transit</span> <span class='ocrx_word' id='word_1_65' title='bbox 1344 1222 1414 1291; x_wconf 87' lang='lat' dir='ltr'>alia</span> 
     </span>
     <span class='ocr_line' id='line_1_8' title="bbox 210 1336 1412 1430; baseline -0.001 -23"><span class='ocrx_word' id='word_1_66' title='bbox 210 1361 289 1430; x_wconf 87' lang='lat' dir='ltr'>pars</span> <span class='ocrx_word' id='word_1_67' title='bbox 304 1337 387 1407; x_wconf 89' lang='lat' dir='ltr'>diei.</span> <span class='ocrx_word' id='word_1_68' title='bbox 406 1338 537 1406; x_wconf 89' lang='lat' dir='ltr'>lterum</span> <span class='ocrx_word' id='word_1_69' title='bbox 557 1339 774 1406; x_wconf 89' lang='lat' dir='ltr'>conscientia</span> <span class='ocrx_word' id='word_1_70' title='bbox 792 1339 918 1428; x_wconf 85' lang='lat' dir='ltr'>pungit</span> <span class='ocrx_word' id='word_1_71' title='bbox 933 1359 1009 1405; x_wconf 87' lang='lat' dir='ltr'>eam</span> <span class='ocrx_word' id='word_1_72' title='bbox 1029 1336 1123 1426; x_wconf 90' lang='lat' dir='ltr'>quod</span> <span class='ocrx_word' id='word_1_73' title='bbox 1141 1336 1246 1406; x_wconf 88' lang='lat' dir='ltr'>vadat</span> <span class='ocrx_word' id='word_1_74' title='bbox 1265 1337 1307 1406; x_wconf 98' lang='lat' dir='ltr'>ad</span> <span class='ocrx_word' id='word_1_75' title='bbox 1326 1340 1412 1406; x_wconf 91' lang='lat' dir='ltr'>mis·</span> 
     </span>
     <span class='ocr_line' id='line_1_9' title="bbox 204 1452 1412 1544; baseline 0 -21"><span class='ocrx_word' id='word_1_76' title='bbox 204 1459 301 1536; x_wconf 75' lang='lat' dir='ltr'>sam3</span> <span class='ocrx_word' id='word_1_77' title='bbox 319 1460 373 1522; x_wconf 88' lang='lat' dir='ltr'>sot</span> <span class='ocrx_word' id='word_1_78' title='bbox 391 1476 471 1522; x_wconf 89' lang='lat' dir='ltr'>caro</span> <span class='ocrx_word' id='word_1_79' title='bbox 485 1452 571 1521; x_wconf 89' lang='lat' dir='ltr'>dicit</span> <span class='ocrx_word' id='word_1_80' title='bbox 588 1473 596 1520; x_wconf 93' lang='lat'><strong>:</strong></span> <span class='ocrx_word' id='word_1_81' title='bbox 614 1453 659 1520; x_wconf 90' lang='lat' dir='ltr'>Vt</span> <span class='ocrx_word' id='word_1_82' title='bbox 671 1453 756 1544; x_wconf 92' lang='lat' dir='ltr'>quid</span> <span class='ocrx_word' id='word_1_83' title='bbox 772 1454 841 1521; x_wconf 86' lang='lat' dir='ltr'>ires</span> <span class='ocrx_word' id='word_1_84' title='bbox 855 1460 927 1521; x_wconf 87' lang='lat' dir='ltr'>tam</span> <span class='ocrx_word' id='word_1_85' title='bbox 943 1452 1112 1543; x_wconf 75' lang='lat' dir='ltr'>citolEgo</span> <span class='ocrx_word' id='word_1_86' title='bbox 1129 1453 1216 1522; x_wconf 88' lang='lat' dir='ltr'>bene</span> <span class='ocrx_word' id='word_1_87' title='bbox 1232 1455 1303 1521; x_wconf 90' lang='lat' dir='ltr'>scio</span> <span class='ocrx_word' id='word_1_88' title='bbox 1319 1454 1412 1544; x_wconf 90' lang='lat' dir='ltr'>quod</span> 
     </span>
     <span class='ocr_line' id='line_1_10' title="bbox 204 1567 1448 1660; baseline -0.001 -22"><span class='ocrx_word' id='word_1_89' title='bbox 204 1570 290 1638; x_wconf 84' lang='lat' dir='ltr'>talis</span> <span class='ocrx_word' id='word_1_90' title='bbox 314 1570 433 1638; x_wconf 90' lang='lat' dir='ltr'>vicina</span> <span class='ocrx_word' id='word_1_91' title='bbox 461 1576 521 1637; x_wconf 92' lang='lat' dir='ltr'>tua</span> <span class='ocrx_word' id='word_1_92' title='bbox 541 1567 702 1636; x_wconf 90' lang='lat' dir='ltr'>nondum</span> <span class='ocrx_word' id='word_1_93' title='bbox 729 1568 826 1636; x_wconf 89' lang='lat' dir='ltr'>vadit</span> <span class='ocrx_word' id='word_1_94' title='bbox 853 1568 896 1637; x_wconf 90' lang='lat' dir='ltr'>ad</span> <span class='ocrx_word' id='word_1_95' title='bbox 917 1567 1118 1649; x_wconf 64' lang='lat' dir='ltr'>ecclesiam</span> <span class='ocrx_word' id='word_1_96' title='bbox 1149 1568 1262 1636; x_wconf 92' lang='lat' dir='ltr'>dormi</span> <span class='ocrx_word' id='word_1_97' title='bbox 1288 1591 1412 1660; x_wconf 90' lang='lat' dir='ltr'>parum</span> <span class='ocrx_word' id='word_1_98' title='bbox 1440 1586 1448 1601; x_wconf 90' lang='lat'><strong>·</strong></span> 
     </span>
     <span class='ocr_line' id='line_1_11' title="bbox 207 1682 1413 1776; baseline -0.001 -22"><span class='ocrx_word' id='word_1_99' title='bbox 207 1684 334 1754; x_wconf 89' lang='lat' dir='ltr'>adhuc.</span> <span class='ocrx_word' id='word_1_100' title='bbox 356 1685 400 1752; x_wconf 88' lang='lat' dir='ltr'>Et</span> <span class='ocrx_word' id='word_1_101' title='bbox 418 1687 469 1752; x_wconf 92' lang='lat' dir='ltr'>sic</span> <span class='ocrx_word' id='word_1_102' title='bbox 489 1684 615 1752; x_wconf 80' lang='lat' dir='ltr'>transit</span> <span class='ocrx_word' id='word_1_103' title='bbox 633 1684 704 1752; x_wconf 88' lang='lat' dir='ltr'>alia</span> <span class='ocrx_word' id='word_1_104' title='bbox 719 1707 798 1774; x_wconf 90' lang='lat' dir='ltr'>pars</span> <span class='ocrx_word' id='word_1_105' title='bbox 811 1682 893 1752; x_wconf 90' lang='lat' dir='ltr'>diei.</span> <span class='ocrx_word' id='word_1_106' title='bbox 909 1684 1034 1752; x_wconf 88' lang='lat' dir='ltr'>Postea</span> <span class='ocrx_word' id='word_1_107' title='bbox 1048 1685 1178 1752; x_wconf 90' lang='lat' dir='ltr'>iterum</span> <span class='ocrx_word' id='word_1_108' title='bbox 1199 1685 1413 1776; x_wconf 85' lang='lat' dir='ltr'>pungiteam</span> 
     </span>
     <span class='ocr_line' id='line_1_12' title="bbox 207 1799 1413 1890; baseline -0.002 -19"><span class='ocrx_word' id='word_1_109' title='bbox 207 1801 439 1882; x_wconf 83' lang='lat' dir='ltr'>conscientia3</span> <span class='ocrx_word' id='word_1_110' title='bbox 461 1807 515 1868; x_wconf 85' lang='lat' dir='ltr'>set</span> <span class='ocrx_word' id='word_1_111' title='bbox 540 1822 620 1868; x_wconf 89' lang='lat' dir='ltr'>caro</span> <span class='ocrx_word' id='word_1_112' title='bbox 645 1799 756 1868; x_wconf 90' lang='lat' dir='ltr'>dicit:</span> <span class='ocrx_word' id='word_1_113' title='bbox 777 1800 855 1867; x_wconf 94' lang='lat' dir='ltr'>Non</span> <span class='ocrx_word' id='word_1_114' title='bbox 878 1806 1015 1890; x_wconf 87' lang='lat' dir='ltr'>oportet</span> <span class='ocrx_word' id='word_1_115' title='bbox 1038 1799 1132 1890; x_wconf 91' lang='lat' dir='ltr'>quod</span> <span class='ocrx_word' id='word_1_116' title='bbox 1156 1799 1272 1870; x_wconf 92' lang='lat' dir='ltr'>adhuc</span> <span class='ocrx_word' id='word_1_117' title='bbox 1293 1799 1413 1870; x_wconf 63' lang='lat' dir='ltr'>vadosi</span> 
     </span>
     <span class='ocr_line' id='line_1_13' title="bbox 208 1914 1411 2008; baseline 0 -23"><span class='ocrx_word' id='word_1_118' title='bbox 208 1917 292 2008; x_wconf 88' lang='lat' dir='ltr'>quia</span> <span class='ocrx_word' id='word_1_119' title='bbox 306 1915 466 1985; x_wconf 88' lang='lat' dir='ltr'>sacerdos</span> <span class='ocrx_word' id='word_1_120' title='bbox 481 1921 535 1984; x_wconf 88' lang='lat' dir='ltr'>est</span> <span class='ocrx_word' id='word_1_121' title='bbox 547 1915 596 1983; x_wconf 93' lang='lat' dir='ltr'>ita</span> <span class='ocrx_word' id='word_1_122' title='bbox 611 1915 767 1997; x_wconf 89' lang='lat' dir='ltr'>curialis,</span> <span class='ocrx_word' id='word_1_123' title='bbox 783 1914 876 2006; x_wconf 91' lang='lat' dir='ltr'>quod</span> <span class='ocrx_word' id='word_1_124' title='bbox 891 1914 979 1983; x_wconf 89' lang='lat' dir='ltr'>benc</span> <span class='ocrx_word' id='word_1_125' title='bbox 995 1914 1191 2006; x_wconf 87' lang='lat' dir='ltr'>expectabit</span> <span class='ocrx_word' id='word_1_126' title='bbox 1200 1922 1253 1996; x_wconf 87' lang='lat' dir='ltr'>te;</span> <span class='ocrx_word' id='word_1_127' title='bbox 1271 1916 1411 1985; x_wconf 85' lang='lat' dir='ltr'>attende</span> 
     </span>
     <span class='ocr_line' id='line_1_14' title="bbox 207 2030 1412 2121; baseline -0.002 -20"><span class='ocrx_word' id='word_1_128' title='bbox 207 2039 241 2101; x_wconf 88' lang='lat' dir='ltr'>et</span> <span class='ocrx_word' id='word_1_129' title='bbox 261 2031 387 2100; x_wconf 91' lang='lat' dir='ltr'>dormi.</span> <span class='ocrx_word' id='word_1_130' title='bbox 411 2032 453 2099; x_wconf 88' lang='lat' dir='ltr'>Et</span> <span class='ocrx_word' id='word_1_131' title='bbox 472 2033 522 2100; x_wconf 87' lang='lat' dir='ltr'>sic</span> <span class='ocrx_word' id='word_1_132' title='bbox 544 2030 750 2099; x_wconf 87' lang='lat' dir='ltr'>dormiendo</span> <span class='ocrx_word' id='word_1_133' title='bbox 769 2032 897 2099; x_wconf 91' lang='lat' dir='ltr'>transit</span> <span class='ocrx_word' id='word_1_134' title='bbox 916 2037 1067 2121; x_wconf 87' lang='lat' dir='ltr'>tempus.</span> <span class='ocrx_word' id='word_1_135' title='bbox 1090 2032 1245 2114; x_wconf 89' lang='lat' dir='ltr'>Etcum,</span> <span class='ocrx_word' id='word_1_136' title='bbox 1266 2032 1309 2100; x_wconf 91' lang='lat' dir='ltr'>ad</span> <span class='ocrx_word' id='word_1_137' title='bbox 1328 2032 1412 2099; x_wconf 91' lang='lat' dir='ltr'>ulti-</span> 
     </span>
     <span class='ocr_line' id='line_1_15' title="bbox 208 2145 1415 2238; baseline 0.001 -23"><span class='ocrx_word' id='word_1_138' title='bbox 208 2170 306 2215; x_wconf 90' lang='lat' dir='ltr'>mum</span> <span class='ocrx_word' id='word_1_139' title='bbox 321 2147 534 2216; x_wconf 87' lang='lat' dir='ltr'>verecundia</span> <span class='ocrx_word' id='word_1_140' title='bbox 548 2151 678 2230; x_wconf 90' lang='lat' dir='ltr'>coacta,</span> <span class='ocrx_word' id='word_1_141' title='bbox 692 2148 804 2238; x_wconf 82' lang='lat' dir='ltr'>surgit</span> <span class='ocrx_word' id='word_1_142' title='bbox 816 2153 850 2215; x_wconf 90' lang='lat' dir='ltr'>et</span> <span class='ocrx_word' id='word_1_143' title='bbox 862 2145 958 2216; x_wconf 88' lang='lat' dir='ltr'>vadit</span> <span class='ocrx_word' id='word_1_144' title='bbox 972 2145 1015 2214; x_wconf 91' lang='lat' dir='ltr'>ad</span> <span class='ocrx_word' id='word_1_145' title='bbox 1031 2147 1228 2230; x_wconf 87' lang='lat' dir='ltr'>ecclesiam,</span> <span class='ocrx_word' id='word_1_146' title='bbox 1244 2147 1303 2237; x_wconf 90' lang='lat' dir='ltr'>(et)</span> <span class='ocrx_word' id='word_1_147' title='bbox 1316 2148 1415 2216; x_wconf 87' lang='lat' dir='ltr'>inue-</span> 
     </span>
     <span class='ocr_line' id='line_1_16' title="bbox 208 2263 565 2353; baseline -0.006 -22"><span class='ocrx_word' id='word_1_148' title='bbox 208 2263 261 2331; x_wconf 93' lang='lat' dir='ltr'>nit</span> <span class='ocrx_word' id='word_1_149' title='bbox 280 2270 398 2353; x_wconf 85' lang='lat' dir='ltr'>pertas</span> <span class='ocrx_word' id='word_1_150' title='bbox 416 2263 565 2330; x_wconf 86' lang='lat' dir='ltr'>clausas.</span> 
     </span>
    </p>

    <p class='ocr_par' dir='ltr' id='par_1_3' title="bbox 200 2377 1416 4664">
     <span class='ocr_line' id='line_1_17' title="bbox 271 2377 1410 2468; baseline -0.001 -21"><span class='ocrx_word' id='word_1_151' title='bbox 271 2379 412 2447; x_wconf 80' lang='lat' dir='ltr'>Mistice.</span> <span class='ocrx_word' id='word_1_152' title='bbox 446 2378 496 2447; x_wconf 89' lang='lat' dir='ltr'>lta</span> <span class='ocrx_word' id='word_1_153' title='bbox 523 2377 689 2445; x_wconf 88' lang='lat' dir='ltr'>similiter</span> <span class='ocrx_word' id='word_1_154' title='bbox 719 2377 834 2458; x_wconf 83' lang='lat' dir='ltr'>multi,</span> <span class='ocrx_word' id='word_1_155' title='bbox 864 2379 925 2468; x_wconf 91' lang='lat' dir='ltr'>qui</span> <span class='ocrx_word' id='word_1_156' title='bbox 953 2379 990 2446; x_wconf 95' lang='lat' dir='ltr'>in</span> <span class='ocrx_word' id='word_1_157' title='bbox 1022 2400 1126 2446; x_wconf 90' lang='lat' dir='ltr'>mane</span> <span class='ocrx_word' id='word_1_158' title='bbox 1155 2377 1310 2468; x_wconf 86' lang='lat' dir='ltr'>puericie</span> <span class='ocrx_word' id='word_1_159' title='bbox 1335 2401 1410 2460; x_wconf 92' lang='lat' dir='ltr'>sue,</span> 
     </span>
     <span class='ocr_line' id='line_1_18' title="bbox 207 2492 1412 2586; baseline 0 -25"><span class='ocrx_word' id='word_1_160' title='bbox 207 2493 348 2585; x_wconf 89' lang='lat' dir='ltr'>quando</span> <span class='ocrx_word' id='word_1_161' title='bbox 363 2493 513 2586; x_wconf 80' lang='lat' dir='ltr'>audiunt</span> <span class='ocrx_word' id='word_1_162' title='bbox 525 2492 666 2582; x_wconf 89' lang='lat' dir='ltr'>pulsare</span> <span class='ocrx_word' id='word_1_163' title='bbox 681 2515 882 2582; x_wconf 88' lang='lat' dir='ltr'>campanas,</span> <span class='ocrx_word' id='word_1_164' title='bbox 898 2493 1008 2576; x_wconf 89' lang='lat' dir='ltr'>idest,</span> <span class='ocrx_word' id='word_1_165' title='bbox 1023 2493 1161 2584; x_wconf 89' lang='lat' dir='ltr'>quando</span> <span class='ocrx_word' id='word_1_166' title='bbox 1174 2493 1324 2562; x_wconf 91' lang='lat' dir='ltr'>audiunt</span> <span class='ocrx_word' id='word_1_167' title='bbox 1336 2516 1412 2584; x_wconf 91' lang='lat' dir='ltr'>pre-</span> 
     </span>
     <span class='ocr_line' id='line_1_19' title="bbox 208 2608 1412 2699; baseline -0.002 -20"><span class='ocrx_word' id='word_1_168' title='bbox 208 2610 413 2691; x_wconf 87' lang='lat' dir='ltr'>dicationes,</span> <span class='ocrx_word' id='word_1_169' title='bbox 442 2610 597 2699; x_wconf 84' lang='lat' dir='ltr'>cogitant</span> <span class='ocrx_word' id='word_1_170' title='bbox 621 2631 741 2676; x_wconf 91' lang='lat' dir='ltr'>secum</span> <span class='ocrx_word' id='word_1_171' title='bbox 768 2608 907 2699; x_wconf 85' lang='lat' dir='ltr'>quando</span> <span class='ocrx_word' id='word_1_172' title='bbox 929 2609 1063 2677; x_wconf 84' lang='lat' dir='ltr'>iaciunt</span> <span class='ocrx_word' id='word_1_173' title='bbox 1081 2610 1333 2698; x_wconf 87' lang='lat' dir='ltr'>penitenciam;</span> <span class='ocrx_word' id='word_1_174' title='bbox 1360 2615 1412 2677; x_wconf 88' lang='lat' dir='ltr'>set</span> 
     </span>
     <span class='ocr_line' id='line_1_20' title="bbox 207 2722 1407 2815; baseline -0.003 -21"><span class='ocrx_word' id='word_1_175' title='bbox 207 2731 326 2794; x_wconf 84' lang='lat' dir='ltr'>tamen</span> <span class='ocrx_word' id='word_1_176' title='bbox 342 2747 436 2807; x_wconf 87' lang='lat' dir='ltr'>earo,</span> <span class='ocrx_word' id='word_1_177' title='bbox 452 2747 522 2815; x_wconf 90' lang='lat' dir='ltr'>que</span> <span class='ocrx_word' id='word_1_178' title='bbox 539 2724 639 2814; x_wconf 80' lang='lat' dir='ltr'>pigra</span> <span class='ocrx_word' id='word_1_179' title='bbox 658 2731 723 2804; x_wconf 89' lang='lat' dir='ltr'>est,</span> <span class='ocrx_word' id='word_1_180' title='bbox 741 2722 826 2792; x_wconf 91' lang='lat' dir='ltr'>dicit</span> <span class='ocrx_word' id='word_1_181' title='bbox 841 2723 933 2814; x_wconf 93' lang='lat' dir='ltr'>quod</span> <span class='ocrx_word' id='word_1_182' title='bbox 948 2722 1063 2792; x_wconf 89' lang='lat' dir='ltr'>adhuc</span> <span class='ocrx_word' id='word_1_183' title='bbox 1081 2729 1219 2814; x_wconf 87' lang='lat' dir='ltr'>tempus</span> <span class='ocrx_word' id='word_1_184' title='bbox 1237 2746 1309 2793; x_wconf 93' lang='lat' dir='ltr'>non</span> <span class='ocrx_word' id='word_1_185' title='bbox 1329 2731 1407 2793; x_wconf 90' lang='lat' dir='ltr'>est:</span> 
     </span>
     <span class='ocr_line' id='line_1_21' title="bbox 207 2839 1411 2930; baseline -0.002 -21"><span class='ocrx_word' id='word_1_186' title='bbox 207 2839 333 2909; x_wconf 75' lang='lat' dir='ltr'>Adhuc</span> <span class='ocrx_word' id='word_1_187' title='bbox 347 2846 446 2929; x_wconf 88' lang='lat' dir='ltr'>potes</span> <span class='ocrx_word' id='word_1_188' title='bbox 465 2845 659 2929; x_wconf 85' lang='lat' dir='ltr'>expectare.</span> <span class='ocrx_word' id='word_1_189' title='bbox 681 2840 722 2906; x_wconf 89' lang='lat' dir='ltr'>Et</span> <span class='ocrx_word' id='word_1_190' title='bbox 740 2840 790 2907; x_wconf 91' lang='lat' dir='ltr'>sie</span> <span class='ocrx_word' id='word_1_191' title='bbox 809 2841 938 2907; x_wconf 91' lang='lat' dir='ltr'>transit</span> <span class='ocrx_word' id='word_1_192' title='bbox 951 2846 1090 2930; x_wconf 90' lang='lat' dir='ltr'>tempus</span> <span class='ocrx_word' id='word_1_193' title='bbox 1106 2841 1268 2930; x_wconf 85' lang='lat' dir='ltr'>pueritie.</span> <span class='ocrx_word' id='word_1_194' title='bbox 1287 2841 1411 2908; x_wconf 88' lang='lat' dir='ltr'>Postea</span> 
     </span>
     <span class='ocr_line' id='line_1_22' title="bbox 206 2955 1413 3048; baseline -0.002 -22"><span class='ocrx_word' id='word_1_195' title='bbox 206 2957 421 3026; x_wconf 85' lang='lat' dir='ltr'>conscientia</span> <span class='ocrx_word' id='word_1_196' title='bbox 448 2957 572 3046; x_wconf 80' lang='lat' dir='ltr'>pungit</span> <span class='ocrx_word' id='word_1_197' title='bbox 596 2955 691 3048; x_wconf 92' lang='lat' dir='ltr'>qnod</span> <span class='ocrx_word' id='word_1_198' title='bbox 715 2955 820 3025; x_wconf 90' lang='lat' dir='ltr'>homo</span> <span class='ocrx_word' id='word_1_199' title='bbox 849 2957 954 3025; x_wconf 83' lang='lat' dir='ltr'>iaciat</span> <span class='ocrx_word' id='word_1_200' title='bbox 976 2955 1227 3045; x_wconf 88' lang='lat' dir='ltr'>penitenciam;</span> <span class='ocrx_word' id='word_1_201' title='bbox 1251 2962 1304 3025; x_wconf 85' lang='lat' dir='ltr'>set</span> <span class='ocrx_word' id='word_1_202' title='bbox 1327 2956 1413 3025; x_wconf 89' lang='lat' dir='ltr'>dicit</span> 
     </span>
     <span class='ocr_line' id='line_1_23' title="bbox 206 3071 1411 3162; baseline -0.002 -20"><span class='ocrx_word' id='word_1_203' title='bbox 206 3095 286 3142; x_wconf 90' lang='lat' dir='ltr'>caro</span> <span class='ocrx_word' id='word_1_204' title='bbox 309 3095 317 3142; x_wconf 91' lang='lat'>:</span> <span class='ocrx_word' id='word_1_205' title='bbox 340 3072 430 3140; x_wconf 85' lang='lat' dir='ltr'>Situ</span> <span class='ocrx_word' id='word_1_206' title='bbox 451 3072 499 3140; x_wconf 89' lang='lat' dir='ltr'>ita</span> <span class='ocrx_word' id='word_1_207' title='bbox 513 3071 582 3139; x_wconf 92' lang='lat' dir='ltr'>cito</span> <span class='ocrx_word' id='word_1_208' title='bbox 599 3072 775 3162; x_wconf 81' lang='lat' dir='ltr'>inciperes</span> <span class='ocrx_word' id='word_1_209' title='bbox 795 3072 908 3140; x_wconf 85' lang='lat' dir='ltr'>facere</span> <span class='ocrx_word' id='word_1_210' title='bbox 929 3073 1177 3162; x_wconf 88' lang='lat' dir='ltr'>penitenciam,</span> <span class='ocrx_word' id='word_1_211' title='bbox 1200 3078 1238 3140; x_wconf 89' lang='lat' dir='ltr'>tu</span> <span class='ocrx_word' id='word_1_212' title='bbox 1256 3071 1411 3141; x_wconf 87' lang='lat' dir='ltr'>destruc-</span> 
     </span>
     <span class='ocr_line' id='line_1_24' title="bbox 207 3182 1411 3279; baseline -0.002 -21"><span class='ocrx_word' id='word_1_213' title='bbox 207 3211 262 3258; x_wconf 87' lang='lat' dir='ltr'>res</span> <span class='ocrx_word' id='word_1_214' title='bbox 275 3211 406 3279; x_wconf 88' lang='lat' dir='ltr'>corpus</span> <span class='ocrx_word' id='word_1_215' title='bbox 420 3182 536 3268; x_wconf 87' lang='lat' dir='ltr'>tuuin,</span> <span class='ocrx_word' id='word_1_216' title='bbox 554 3194 588 3256; x_wconf 91' lang='lat' dir='ltr'>et</span> <span class='ocrx_word' id='word_1_217' title='bbox 603 3187 670 3256; x_wconf 91' lang='lat' dir='ltr'>hoc</span> <span class='ocrx_word' id='word_1_218' title='bbox 690 3194 742 3256; x_wconf 92' lang='lat' dir='ltr'>est</span> <span class='ocrx_word' id='word_1_219' title='bbox 761 3194 882 3255; x_wconf 86' lang='lat' dir='ltr'>contra</span> <span class='ocrx_word' id='word_1_220' title='bbox 897 3187 959 3254; x_wconf 89' lang='lat' dir='ltr'>Dei</span> <span class='ocrx_word' id='word_1_221' title='bbox 979 3193 1199 3278; x_wconf 89' lang='lat' dir='ltr'>preceptum;</span> <span class='ocrx_word' id='word_1_222' title='bbox 1217 3186 1308 3256; x_wconf 88' lang='lat' dir='ltr'>vnde</span> <span class='ocrx_word' id='word_1_223' title='bbox 1321 3186 1411 3256; x_wconf 90' lang='lat' dir='ltr'>bene</span> 
     </span>
     <span class='ocr_line' id='line_1_25' title="bbox 206 3302 1413 3395; baseline -0.002 -23"><span class='ocrx_word' id='word_1_224' title='bbox 206 3311 303 3395; x_wconf 86' lang='lat' dir='ltr'>potes</span> <span class='ocrx_word' id='word_1_225' title='bbox 331 3309 526 3393; x_wconf 83' lang='lat' dir='ltr'>expectare.</span> <span class='ocrx_word' id='word_1_226' title='bbox 546 3302 589 3370; x_wconf 85' lang='lat' dir='ltr'>Et</span> <span class='ocrx_word' id='word_1_227' title='bbox 612 3304 662 3371; x_wconf 93' lang='lat' dir='ltr'>sic</span> <span class='ocrx_word' id='word_1_228' title='bbox 688 3304 815 3371; x_wconf 89' lang='lat' dir='ltr'>transit</span> <span class='ocrx_word' id='word_1_229' title='bbox 843 3310 983 3393; x_wconf 89' lang='lat' dir='ltr'>tempus</span> <span class='ocrx_word' id='word_1_230' title='bbox 1014 3302 1262 3372; x_wconf 89' lang='lat' dir='ltr'>adolescentie.</span> <span class='ocrx_word' id='word_1_231' title='bbox 1289 3303 1413 3370; x_wconf 88' lang='lat' dir='ltr'>Postea</span> 
     </span>
     <span class='ocr_line' id='line_1_26' title="bbox 205 3417 1411 3511; baseline -0.002 -22"><span class='ocrx_word' id='word_1_232' title='bbox 205 3421 420 3489; x_wconf 85' lang='lat' dir='ltr'>conscientia</span> <span class='ocrx_word' id='word_1_233' title='bbox 446 3420 571 3509; x_wconf 84' lang='lat' dir='ltr'>pungit</span> <span class='ocrx_word' id='word_1_234' title='bbox 605 3417 697 3509; x_wconf 92' lang='lat' dir='ltr'>quod</span> <span class='ocrx_word' id='word_1_235' title='bbox 727 3418 833 3487; x_wconf 87' lang='lat' dir='ltr'>faciat</span> <span class='ocrx_word' id='word_1_236' title='bbox 862 3418 1118 3508; x_wconf 89' lang='lat' dir='ltr'>penitenciam;</span> <span class='ocrx_word' id='word_1_237' title='bbox 1147 3426 1200 3487; x_wconf 89' lang='lat' dir='ltr'>set</span> <span class='ocrx_word' id='word_1_238' title='bbox 1230 3418 1411 3511; x_wconf 89' lang='lat' dir='ltr'>respondit</span> 
     </span>
     <span class='ocr_line' id='line_1_27' title="bbox 205 3532 1410 3625; baseline -0.003 -21"><span class='ocrx_word' id='word_1_239' title='bbox 205 3558 297 3618; x_wconf 88' lang='lat' dir='ltr'>caro,</span> <span class='ocrx_word' id='word_1_240' title='bbox 322 3535 396 3625; x_wconf 79' lang='lat' dir='ltr'>(tol.</span> <span class='ocrx_word' id='word_1_241' title='bbox 420 3534 477 3624; x_wconf 75' lang='lat'>32)</span> <span class='ocrx_word' id='word_1_242' title='bbox 498 3539 532 3601; x_wconf 88' lang='lat' dir='ltr'>et</span> <span class='ocrx_word' id='word_1_243' title='bbox 551 3532 661 3601; x_wconf 88' lang='lat' dir='ltr'>dicit:</span> <span class='ocrx_word' id='word_1_244' title='bbox 683 3533 776 3601; x_wconf 86' lang='lat' dir='ltr'>Talis</span> <span class='ocrx_word' id='word_1_245' title='bbox 797 3532 900 3602; x_wconf 90' lang='lat' dir='ltr'>homo</span> <span class='ocrx_word' id='word_1_246' title='bbox 927 3534 1030 3624; x_wconf 91' lang='lat' dir='ltr'>plura</span> <span class='ocrx_word' id='word_1_247' title='bbox 1054 3539 1194 3624; x_wconf 86' lang='lat' dir='ltr'>peccata</span> <span class='ocrx_word' id='word_1_248' title='bbox 1220 3540 1254 3601; x_wconf 88' lang='lat' dir='ltr'>et</span> <span class='ocrx_word' id='word_1_249' title='bbox 1277 3535 1410 3603; x_wconf 90' lang='lat' dir='ltr'>maiora</span> 
     </span>
     <span class='ocr_line' id='line_1_28' title="bbox 204 3649 1412 3740; baseline -0.002 -22"><span class='ocrx_word' id='word_1_250' title='bbox 204 3651 287 3719; x_wconf 87' lang='lat' dir='ltr'>tacit</span> <span class='ocrx_word' id='word_1_251' title='bbox 306 3673 412 3740; x_wconf 93' lang='lat' dir='ltr'>quam</span> <span class='ocrx_word' id='word_1_252' title='bbox 432 3656 483 3731; x_wconf 90' lang='lat' dir='ltr'>tu,</span> <span class='ocrx_word' id='word_1_253' title='bbox 508 3654 679 3717; x_wconf 85' lang='lat' dir='ltr'>ettamen</span> <span class='ocrx_word' id='word_1_254' title='bbox 702 3649 816 3717; x_wconf 89' lang='lat' dir='ltr'>adhuc</span> <span class='ocrx_word' id='word_1_255' title='bbox 842 3671 913 3717; x_wconf 93' lang='lat' dir='ltr'>non</span> <span class='ocrx_word' id='word_1_256' title='bbox 937 3650 1021 3717; x_wconf 87' lang='lat' dir='ltr'>facit</span> <span class='ocrx_word' id='word_1_257' title='bbox 1043 3650 1295 3740; x_wconf 89' lang='lat' dir='ltr'>penitenciam;</span> <span class='ocrx_word' id='word_1_258' title='bbox 1316 3655 1412 3718; x_wconf 87' lang='lat' dir='ltr'>certe</span> 
     </span>
     <span class='ocr_line' id='line_1_29' title="bbox 203 3764 1411 3856; baseline -0.005 -20"><span class='ocrx_word' id='word_1_259' title='bbox 203 3765 292 3836; x_wconf 87' lang='lat' dir='ltr'>bene</span> <span class='ocrx_word' id='word_1_260' title='bbox 312 3773 410 3856; x_wconf 88' lang='lat' dir='ltr'>potes</span> <span class='ocrx_word' id='word_1_261' title='bbox 426 3765 565 3834; x_wconf 88' lang='lat' dir='ltr'>differre</span> <span class='ocrx_word' id='word_1_262' title='bbox 584 3771 722 3834; x_wconf 87' lang='lat' dir='ltr'>tantum</span> <span class='ocrx_word' id='word_1_263' title='bbox 738 3766 934 3855; x_wconf 80' lang='lat' dir='ltr'>[quantum]</span> <span class='ocrx_word' id='word_1_264' title='bbox 949 3767 1035 3854; x_wconf 91' lang='lat' dir='ltr'>ipse.</span> <span class='ocrx_word' id='word_1_265' title='bbox 1053 3764 1098 3832; x_wconf 84' lang='lat' dir='ltr'>Et</span> <span class='ocrx_word' id='word_1_266' title='bbox 1113 3765 1163 3832; x_wconf 90' lang='lat' dir='ltr'>sic</span> <span class='ocrx_word' id='word_1_267' title='bbox 1176 3765 1305 3832; x_wconf 84' lang='lat' dir='ltr'>transit</span> <span class='ocrx_word' id='word_1_268' title='bbox 1322 3771 1411 3832; x_wconf 88' lang='lat' dir='ltr'>tem·</span> 
     </span>
     <span class='ocr_line' id='line_1_30' title="bbox 203 3879 1410 3973; baseline -0.004 -22"><span class='ocrx_word' id='word_1_269' title='bbox 203 3904 267 3973; x_wconf 90' lang='lat' dir='ltr'>pus</span> <span class='ocrx_word' id='word_1_270' title='bbox 280 3882 490 3951; x_wconf 89' lang='lat' dir='ltr'>iuuentutis.</span> <span class='ocrx_word' id='word_1_271' title='bbox 509 3881 633 3949; x_wconf 88' lang='lat' dir='ltr'>Postea</span> <span class='ocrx_word' id='word_1_272' title='bbox 648 3882 774 3972; x_wconf 85' lang='lat' dir='ltr'>pungit</span> <span class='ocrx_word' id='word_1_273' title='bbox 792 3881 1022 3961; x_wconf 88' lang='lat' dir='ltr'>conscientia;</span> <span class='ocrx_word' id='word_1_274' title='bbox 1047 3887 1100 3948; x_wconf 90' lang='lat' dir='ltr'>set</span> <span class='ocrx_word' id='word_1_275' title='bbox 1118 3902 1201 3948; x_wconf 91' lang='lat' dir='ltr'>caro</span> <span class='ocrx_word' id='word_1_276' title='bbox 1218 3879 1410 3970; x_wconf 91' lang='lat' dir='ltr'>dicitquod</span> 
     </span>
     <span class='ocr_line' id='line_1_31' title="bbox 204 3995 1410 4087; baseline -0.004 -20"><span class='ocrx_word' id='word_1_277' title='bbox 204 3997 296 4067; x_wconf 85' lang='lat' dir='ltr'>Deus</span> <span class='ocrx_word' id='word_1_278' title='bbox 322 4004 374 4065; x_wconf 91' lang='lat' dir='ltr'>est</span> <span class='ocrx_word' id='word_1_279' title='bbox 400 3999 448 4065; x_wconf 88' lang='lat' dir='ltr'>ita</span> <span class='ocrx_word' id='word_1_280' title='bbox 473 3997 630 4077; x_wconf 82' lang='lat' dir='ltr'>curialia,</span> <span class='ocrx_word' id='word_1_281' title='bbox 658 3995 750 4087; x_wconf 91' lang='lat' dir='ltr'>quod</span> <span class='ocrx_word' id='word_1_282' title='bbox 780 3996 868 4065; x_wconf 88' lang='lat' dir='ltr'>bene</span> <span class='ocrx_word' id='word_1_283' title='bbox 897 3996 1155 4086; x_wconf 71' lang='lat' dir='ltr'>expectabit‘te</span> <span class='ocrx_word' id='word_1_284' title='bbox 1179 3995 1223 4064; x_wconf 91' lang='lat' dir='ltr'>ad</span> <span class='ocrx_word' id='word_1_285' title='bbox 1249 3996 1410 4085; x_wconf 88' lang='lat' dir='ltr'>peniten-</span> 
     </span>
     <span class='ocr_line' id='line_1_32' title="bbox 203 4111 1413 4202; baseline -0.003 -19"><span class='ocrx_word' id='word_1_286' title='bbox 203 4114 307 4183; x_wconf 89' lang='lat' dir='ltr'>ciam.</span> <span class='ocrx_word' id='word_1_287' title='bbox 322 4114 365 4181; x_wconf 89' lang='lat' dir='ltr'>Et</span> <span class='ocrx_word' id='word_1_288' title='bbox 377 4114 428 4182; x_wconf 91' lang='lat' dir='ltr'>sic</span> <span class='ocrx_word' id='word_1_289' title='bbox 443 4114 570 4182; x_wconf 93' lang='lat' dir='ltr'>transit</span> <span class='ocrx_word' id='word_1_290' title='bbox 584 4119 724 4202; x_wconf 91' lang='lat' dir='ltr'>tempus</span> <span class='ocrx_word' id='word_1_291' title='bbox 740 4113 945 4180; x_wconf 88' lang='lat' dir='ltr'>senectutis.</span> <span class='ocrx_word' id='word_1_292' title='bbox 960 4113 1094 4196; x_wconf 88' lang='lat' dir='ltr'>Postea,</span> <span class='ocrx_word' id='word_1_293' title='bbox 1109 4111 1249 4202; x_wconf 91' lang='lat' dir='ltr'>quando</span> <span class='ocrx_word' id='word_1_294' title='bbox 1263 4112 1361 4180; x_wconf 91' lang='lat' dir='ltr'>venit</span> <span class='ocrx_word' id='word_1_295' title='bbox 1376 4111 1413 4179; x_wconf 94' lang='lat' dir='ltr'>in</span> 
     </span>
     <span class='ocr_line' id='line_1_33' title="bbox 203 4226 1413 4318; baseline -0.002 -20"><span class='ocrx_word' id='word_1_296' title='bbox 203 4230 286 4312; x_wconf 86' lang='lat' dir='ltr'>fine,</span> <span class='ocrx_word' id='word_1_297' title='bbox 310 4236 346 4298; x_wconf 85' lang='lat' dir='ltr'>et</span> <span class='ocrx_word' id='word_1_298' title='bbox 372 4234 570 4318; x_wconf 89' lang='lat' dir='ltr'>peccatores</span> <span class='ocrx_word' id='word_1_299' title='bbox 589 4227 711 4296; x_wconf 79' lang='lat' dir='ltr'>rident</span> <span class='ocrx_word' id='word_1_300' title='bbox 736 4227 829 4318; x_wconf 92' lang='lat' dir='ltr'>quod</span> <span class='ocrx_word' id='word_1_301' title='bbox 858 4236 998 4317; x_wconf 89' lang='lat' dir='ltr'>tempus</span> <span class='ocrx_word' id='word_1_302' title='bbox 1022 4229 1228 4295; x_wconf 89' lang='lat' dir='ltr'>transiuerit</span> <span class='ocrx_word' id='word_1_303' title='bbox 1255 4232 1290 4294; x_wconf 87' lang='lat' dir='ltr'>ot</span> <span class='ocrx_word' id='word_1_304' title='bbox 1316 4226 1413 4317; x_wconf 92' lang='lat' dir='ltr'>quod</span> 
     </span>
     <span class='ocr_line' id='line_1_34' title="bbox 203 4342 1411 4435; baseline -0.004 -21"><span class='ocrx_word' id='word_1_305' title='bbox 203 4368 299 4414; x_wconf 90' lang='lat' dir='ltr'>mors</span> <span class='ocrx_word' id='word_1_306' title='bbox 314 4344 570 4435; x_wconf 88' lang='lat' dir='ltr'>appropinquat</span> <span class='ocrx_word' id='word_1_307' title='bbox 584 4349 618 4411; x_wconf 91' lang='lat' dir='ltr'>et</span> <span class='ocrx_word' id='word_1_308' title='bbox 630 4343 741 4412; x_wconf 86' lang='lat' dir='ltr'>nichil</span> <span class='ocrx_word' id='word_1_309' title='bbox 756 4345 926 4426; x_wconf 86' lang='lat' dir='ltr'>fecerunt,</span> <span class='ocrx_word' id='word_1_310' title='bbox 938 4344 1048 4411; x_wconf 90' lang='lat' dir='ltr'>coacti</span> <span class='ocrx_word' id='word_1_311' title='bbox 1061 4342 1273 4411; x_wconf 85' lang='lat' dir='ltr'>verecundia</span> <span class='ocrx_word' id='word_1_312' title='bbox 1285 4342 1411 4410; x_wconf 90' lang='lat' dir='ltr'>mundi</span> 
     </span>
     <span class='ocr_line' id='line_1_35' title="bbox 200 4458 1415 4550; baseline -0.005 -20"><span class='ocrx_word' id='word_1_313' title='bbox 200 4469 235 4530; x_wconf 84' lang='lat' dir='ltr'>et</span> <span class='ocrx_word' id='word_1_314' title='bbox 248 4463 377 4529; x_wconf 88' lang='lat' dir='ltr'>timore</span> <span class='ocrx_word' id='word_1_315' title='bbox 397 4482 487 4550; x_wconf 88' lang='lat' dir='ltr'>pene</span> <span class='ocrx_word' id='word_1_316' title='bbox 507 4459 705 4541; x_wconf 81' lang='lat' dir='ltr'>infernalis,</span> <span class='ocrx_word' id='word_1_317' title='bbox 720 4482 791 4527; x_wconf 93' lang='lat' dir='ltr'>non</span> <span class='ocrx_word' id='word_1_318' title='bbox 813 4481 931 4526; x_wconf 88' lang='lat' dir='ltr'>amore</span> <span class='ocrx_word' id='word_1_319' title='bbox 948 4458 1002 4526; x_wconf 91' lang='lat' dir='ltr'>vel</span> <span class='ocrx_word' id='word_1_320' title='bbox 1020 4458 1145 4526; x_wconf 87' lang='lat' dir='ltr'>timore</span> <span class='ocrx_word' id='word_1_321' title='bbox 1174 4458 1249 4540; x_wconf 88' lang='lat' dir='ltr'>Dei,</span> <span class='ocrx_word' id='word_1_322' title='bbox 1278 4458 1415 4527; x_wconf 87' lang='lat' dir='ltr'>faciunt</span> 
     </span>
     <span class='ocr_line' id='line_1_36' title="bbox 202 4573 1416 4664; baseline -0.005 -18"><span class='ocrx_word' id='word_1_323' title='bbox 202 4578 320 4646; x_wconf 89' lang='lat' dir='ltr'>vocari</span> <span class='ocrx_word' id='word_1_324' title='bbox 341 4574 536 4644; x_wconf 88' lang='lat' dir='ltr'>sacerdotes</span> <span class='ocrx_word' id='word_1_325' title='bbox 556 4583 591 4643; x_wconf 90' lang='lat' dir='ltr'>et</span> <span class='ocrx_word' id='word_1_326' title='bbox 609 4576 822 4643; x_wconf 84' lang='lat' dir='ltr'>cantitentur</span> <span class='ocrx_word' id='word_1_327' title='bbox 842 4573 1111 4664; x_wconf 88' lang='lat' dir='ltr'>superficialiter</span> <span class='ocrx_word' id='word_1_328' title='bbox 1126 4580 1164 4642; x_wconf 88' lang='lat' dir='ltr'>et</span> <span class='ocrx_word' id='word_1_329' title='bbox 1187 4574 1263 4642; x_wconf 88' lang='lat' dir='ltr'>sine</span> <span class='ocrx_word' id='word_1_330' title='bbox 1282 4575 1416 4643; x_wconf 90' lang='lat' dir='ltr'>contri-</span> 
     </span>
    </p>
   </div>
   <div class='ocr_carea' id='block_1_3' title="bbox 0 0 1640 5626">
    <p class='ocr_par' dir='ltr' id='par_1_4' title="bbox 0 0 1640 5626">
     <span class='ocr_line' id='line_1_37' title="bbox 0 0 1640 5626; baseline 0 2"><span class='ocrx_word' id='word_1_331' title='bbox 0 0 1640 5626; x_wconf 95' lang='lat' dir='ltr'> </span> 
     </span>
    </p>
   </div>
  </div>
 </body>
</html>
