3270 5626
300 471 452 524 ononis
476 472 527 524 Du
554 473 765 525 contrella
793 471 1037 522 PARABOLAE.
1225 475 1271 524 tls

64 615 270 699 collocatur,
288 623 333 699 ot,
356 639 437 684 cum
453 616 535 685 inde
550 617 753 699 comederit,
776 640 795 683 a
815 639 953 684 ueneno
974 614 1155 701 liberatur,
1172 623 1207 684 ct
1226 618 1269 685 ad

67 754 221 823 pugnam
238 753 357 799 recens
372 734 574 801 reuertitur.

132 846 189 914 Sic
205 848 319 915 iustus
335 850 372 914 in
389 870 507 940 pugna
526 854 647 917 contra
666 847 846 916 diabolum
866 846 1092 929 uulneratum
1109 849 1270 939 frequen-

64 968 118 1030 ter
132 960 175 1029 ad
186 985 345 1031 mensam
361 964 534 1054 scripture
549 971 717 1045 recurrat,
731 963 792 1032 ubi
809 962 936 1031 herbas
951 963 1163 1045 salutiferas,
1182 986 1269 1054 quas

64 1077 222 1146 Christus
242 1078 284 1147 de
304 1080 379 1147 celo
398 1081 564 1170 portauit,
586 1080 757 1148 inueniet.
780 1078 873 1159 Quas
893 1078 923 1145 si
943 1079 1096 1147 uoluerit
1114 1086 1266 1170 gustare,

62 1192 273 1263 liberabitur
290 1201 324 1262 et
343 1196 473 1263 sorcior
488 1201 609 1264 contra
623 1195 760 1263 hostem
776 1194 959 1262 efficietur.

278 1437 409 1491 cxxvi.
429 1469 465 1478 -
491 1413 541 1491 o'a
569 1436 741 1502 ouooau
770 1437 1055 1493 cisrnnctensi

474 1535 522 1589 er
545 1534 788 1591 satvarona
808 1536 857 1606 (ι).

128 1691 228 1761 Vnde
247 1692 392 1784 quidam
408 1701 549 1785 propter
563 1696 787 1784 asperitatem
808 1693 1021 1762 cibariorum
1041 1695 1152 1762 exiuit
1172 1692 1265 1761 ordi-

62 1830 143 1875 nem
166 1809 446 1877 Cisterciensem.
472 1810 535 1878 Cui
555 1808 699 1900 quidam
723 1811 823 1878 uenit
841 1809 968 1878 obuius
990 1832 1135 1901 querere
1157 1831 1266 1901 quare

61 1924 103 1992 ab
122 1924 246 1991 ordine
264 1926 386 1992 exiret.
407 1924 474 2007 Qui
498 1924 712 2015 respondens
734 1925 807 2015 (sic)
829 1924 921 2016 qnod
948 1927 1172 2015 asperitatem
1196 1925 1265 1993 cibi

61 2041 211 2108 tolerare
233 2062 304 2108 non
328 2048 455 2131 posset.
484 2042 526 2109 Et
551 2040 640 2109 dixit
662 2042 694 2109 ei
720 2041 837 2110 alius:
864 2040 1028 2123 Comed03
1051 2048 1085 2110 et
1110 2042 1263 2131 porrexit

62 2157 91 2223 ei
108 2178 236 2246 panem
256 2157 503 2246 asperrimum.
517 2155 585 2237 Qui
600 2156 799 2246 respondit:
817 2156 1005 2225 Comedere
1020 2180 1092 2224 non
1107 2179 1263 2247 possum.

63 2272 102 2338 Et
116 2272 206 2339 dixit
216 2272 307 2340 alius
318 2295 325 2340 ε
338 2272 569 2364 loting(u)am
585 2294 666 2341 oum
682 2273 719 2340 in
735 2273 867 2363 optimo
883 2273 1094 2341 salsamento
1104 2294 1111 2354 ;
1123 2277 1156 2340 ct
1166 2294 1265 2339 mon-

61 2388 185 2455 strauit
214 2386 281 2455 sihi
313 2397 374 2455 .v⁸.
404 2387 567 2471 uulnera,
585 2395 619 2456 et
643 2389 680 2455 in
704 2411 775 2456 uno
796 2388 944 2456 uulnere
960 2411 1085 2479 panem
1106 2387 1261 2455 intinxit.

60 2502 252 2572 Monachus
283 2526 380 2587 uero,
409 2503 535 2572 uidens
562 2504 654 2595 quod
687 2511 778 2572 esset
809 2504 974 2588 saluator,
998 2503 1041 2572 ad
1070 2504 1263 2572 claustrum

60 2617 287 2686 deuotissime
303 2642 466 2689 reuersus
486 2626 548 2687 est.

297 2860 449 2916 cxxvii.
476 2893 510 2902 -
537 2862 587 2917 on
616 2861 751 2917 convo
781 2862 828 2916 ur
854 2861 949 2916 ntra
979 2861 1029 2931 (a).

125 3020 212 3087 ltem
227 3042 354 3088 coruus
367 3022 464 3112 pauit
479 3019 631 3104 Heliam,
644 3044 747 3089 mane
762 3027 796 3089 et
809 3042 953 3111 uespere
969 3043 1077 3110 panes
1092 3025 1126 3088 ct
1140 3041 1262 3088 carnes

56 3124 246 3203 afferendo.

124 3251 191 3318 Per
212 3250 350 3318 Heliam
375 3250 625 3342 intelliguntur
644 3252 862 3334 claustrales,
880 3273 942 3341 per
962 3273 1121 3332 coruum,
1144 3272 1261 3340 pecca·

57 3372 162 3451 tores,
178 3366 240 3456 qui
256 3373 404 3456 pascunt
417 3366 611 3458 religiosos.
630 3366 696 3436 Sed
712 3368 741 3435 si
758 3390 884 3435 coruus
900 3366 998 3435 llelie
1014 3388 1137 3435 carnes
1152 3367 1261 3457 putri-

56 3479 117 3549 das
132 3481 284 3566 tulisset,
301 3481 381 3550 illas
400 3505 471 3551 non
491 3483 690 3572 recepisset.

107 3712 278 3768 cxxviii.
299 3745 334 3754 -
359 3714 410 3769 nu
434 3715 595 3771 annana
619 3717 666 3771 nr
691 3716 844 3772 sovana
871 3716 922 3770 ao
951 3714 1204 3771 nnnrotounu

482 3813 755 3869 rurinsnunru
782 3815 830 3884 (a).

122 3968 271 4049 Quidam
281 3968 388 4038 abbas
400 3972 554 4062 precepit
566 3970 705 4040 cuidam
716 3972 850 4039 uolenti
866 3971 909 4039 ad
922 3970 1129 4061 religionem
1144 3976 1256 4038 trans-

64 4082 108 4150 ire
128 4093 168 4152 ut
185 4084 324 4154 ossibus
343 4093 563 4156 mortuorum
582 4088 618 4155 in
638 4085 790 4178 quodam
809 4109 935 4155 aceruo
950 4086 1129 4155 collocatis
1148 4085 1255 4155 male-

123 4285 145 4335 t'·
163 4283 255 4337 the
270 4299 401 4339 sermon.

111 4281 146 4440 iti
161 4373 302 4427 Domiatco
317 4379 417 4428 octauo
428 4378 492 4443 post
506 4373 627 4428 octabam
640 4375 822 4437 Pentecostas,
838 4371 986 4427 secondum
1001 4372 1162 4436 Muttinem,
1176 4374 1250 4442 .oij⁰.

73 4481 96 4492 -
107 4460 250 4516 Attendite
265 4477 283 4516 a
300 4461 381 4517 falsis
396 4462 548 4532 prophetis
563 4462 613 4533 qui
628 4462 754 4517 ueniunt
767 4462 804 4516 ad
819 4477 872 4517 uos
889 4461 919 4515 iu
932 4460 1121 4516 uestimentis
1136 4460 1253 4516 ouium.

114 4550 147 4618 it)
163 4551 254 4606 lldme
266 4567 397 4607 sermon.
