3270 5626
567 506 799 558 coenaculo
827 508 1031 563 SECUNDA.
1356 513 1399 561 tot

263 653 407 721 Mistice.
439 653 496 720 Sic
519 674 601 720 vere
624 652 786 741 penitens
814 651 856 721 de
886 655 1081 743 penitentia
1109 677 1172 721 sua
1203 677 1274 722 non
1300 655 1402 724 dehet

198 770 378 860 conqueri,
398 767 481 835 lieet
496 768 542 835 sit
557 789 680 856 aspera
695 767 753 836 hic
769 769 806 835 in
822 770 906 852 vita,
919 770 1004 860 quia
1020 768 1177 838 animam
1192 771 1404 838 sustentabit

198 893 233 954 et
252 884 406 953 saluabit
421 885 459 950 iu
474 885 598 975 patria,
617 889 652 951 et
671 885 701 950 si
717 885 772 952 cui
794 886 989 974 penitentia
1003 884 1165 953 videatur
1183 908 1314 969 amara,
1327 884 1404 955 dul-

198 999 377 1070 corabitur
391 999 521 1067 Christi
541 1000 715 1088 passionis
731 1002 913 1084 memoria,
931 1002 1033 1069 cuius
1048 1007 1120 1069 tota
1134 1001 1205 1069 vita
1224 1001 1292 1069 luit
1307 1003 1404 1092 peni-

197 1118 321 1185 tentia.
343 1114 443 1183 Vnde
464 1114 688 1184 Bernardus:
710 1115 868 1184 Reuolue.
888 1122 998 1185 totam
1019 1119 1128 1185 vitam
1146 1117 1341 1186 saluatoris
1360 1118 1403 1186 ab

199 1229 299 1292 vtero
319 1220 493 1313 usquead
513 1222 712 1312 patibulum
738 1225 865 1304 crucis,
889 1230 924 1291 et
942 1246 1013 1292 non
1036 1225 1200 1292 inuenies
1220 1225 1257 1292 in
1273 1247 1313 1292 eo
1332 1226 1403 1293 nisi

200 1341 365 1431 stigmata
390 1339 606 1428 paupertatis
626 1345 662 1406 et
682 1339 888 1428 penitentie.
910 1339 1023 1423 Vnde,
1050 1341 1141 1408 sicut
1165 1339 1278 1407 bonus
1300 1342 1403 1409 miles

200 1455 350 1524 uulnera
361 1477 502 1522 suanon
512 1455 631 1535 sentit,
647 1454 921 1522 cumdominum
933 1478 1037 1523 suum
1052 1454 1149 1524 videt
1163 1455 1402 1542 vulneratum,

200 1572 252 1638 sic
266 1571 417 1661 quisque
437 1568 551 1637 fidelis
563 1593 625 1660 pro
640 1568 775 1638 nichilo
791 1577 929 1660 reputat
944 1594 1045 1639 suam
1065 1571 1309 1662 penitentiam,
1322 1594 1404 1640 cum

201 1687 239 1754 in
258 1708 361 1755 emec
381 1687 529 1776 aspiciat
546 1684 760 1754 dominicam
775 1687 987 1776 passionom.

203 1937 271 1993 xxl
296 1936 406 2009 (ΟΝ).
426 1968 462 1978 -
481 1937 531 1992 DE
554 1936 724 2002 Quauan
754 1936 898 1992 BESTlh
921 1938 1001 2002 Qun
1024 1937 1214 1993 VOCATUR
1238 1937 1403 1993 nauale.

270 2115 414 2206 Legitur
435 2115 473 2182 iu
496 2115 640 2182 Naturis
655 2136 773 2183 rerum
794 2113 836 2182 de
856 2112 1009 2204 quadam
1027 2113 1150 2196 bestia,
1172 2136 1240 2205 que
1261 2120 1406 2183 vocatur

203 2231 345 2322 Harpia,
368 2235 404 2297 et
427 2228 533 2297 hahet
552 2231 590 2297 iu
610 2229 697 2297 facie
718 2228 990 2297 similitudinem
1011 2229 1177 2311 hominia,
1200 2235 1254 2297 set
1271 2250 1344 2296 non
1367 2230 1404 2297 in

202 2347 419 2437 operatione.
433 2345 504 2413 llec
516 2344 639 2426 bestia,
652 2344 903 2413 vbihomiuem
920 2345 957 2412 in
968 2343 1106 2413 deserto
1123 2345 1312 2427 inuenerit,
1324 2367 1405 2413 eum

203 2462 315 2530 laniat
325 2467 360 2529 et
370 2461 508 2530 occidit.
520 2459 589 2529 Sed
604 2483 685 2528 cum
700 2459 743 2529 ad
759 2482 887 2551 aquam
899 2461 1038 2528 venerit
1048 2467 1083 2528 et
1093 2482 1174 2528 cum
1189 2461 1407 2551 prospexerit

201 2576 296 2668 quod
309 2577 377 2646 sibi
387 2577 541 2645 similem
558 2577 750 2658 interemit,
761 2599 871 2667 vsque
886 2575 930 2645 ad
945 2575 1403 2667 mortemplangetetdolet.

269 2693 411 2762 Mentire.
435 2693 503 2760 lsta
519 2692 630 2760 bestia
643 2692 818 2783 siguificat
837 2698 1066 2782 peccatorem,
1081 2692 1156 2783 qui,
1178 2692 1263 2760 licet
1278 2691 1408 2760 habeat

203 2807 476 2879 similitudinem
492 2808 554 2875 Dei
575 2808 613 2874 in
628 2808 716 2876 facie
731 2808 787 2875 vel
800 2807 836 2875 in
852 2808 1030 2900 ymagine,
1047 2828 1272 2898 nequaquam
1286 2813 1405 2875 tamen

202 2927 240 2994 iu
255 2924 477 3015 operacioue.
492 2924 584 2991 Talis
600 2922 895 2991 homohominem
911 2922 1128 3007 interiorem,
1139 2923 1200 3013 qui
1211 2921 1405 2990 secundum

203 3042 316 3111 Deum
336 3045 474 3109 creatus
494 3045 557 3121 est,
575 3039 703 3108 occidit
724 3062 786 3130 per
806 3046 1001 3130 peceatum.
1022 3039 1082 3108 Set
1101 3060 1182 3107 cum
1203 3038 1339 3107 venerit
1362 3037 1406 3106 ad

203 3178 332 3249 aquam
355 3157 479 3247 gratie,
506 3154 670 3223 videlicet
695 3155 917 3224 contritionis
939 3156 1090 3237 interne,
1118 3160 1152 3222 et
1171 3153 1220 3221 ihi
1241 3155 1279 3221 in
1297 3153 1405 3222 verbo

202 3271 278 3353 Dei,
292 3278 461 3362 tanquam
478 3271 515 3338 iu
528 3271 684 3360 speculo,
697 3269 825 3339 viderit
840 3293 876 3338 se
892 3270 1122 3353 malefecisse,
1133 3268 1237 3338 debet
1251 3270 1405 3338 multum

203 3388 411 3472 dolere,nec
425 3387 528 3455 dehet
547 3386 691 3455 modum
708 3385 821 3454 dolori
837 3407 980 3476 ponere,
999 3392 1052 3454 set
1065 3385 1183 3454 dolere
1208 3386 1307 3454 iuxta
1325 3407 1408 3454 con·

203 3504 326 3573 silium
342 3503 501 3586 leremie,
519 3502 672 3594 capitulo
688 3511 735 3570 v1⁰
752 3502 799 3592 (l)
822 3522 829 3569 :
852 3501 1001 3570 Luctum
1017 3501 1198 3593 Vnigeniti
1214 3503 1268 3570 fac
1283 3500 1359 3570 tibi.

254 3756 344 3812 xxlt
365 3754 453 3826 (CV).
478 3784 509 3798 -
537 3752 825 3809 PHILOSOPHUS
853 3751 1019 3807 NARRAT
1045 3750 1153 3816 Quot)
1181 3750 1351 3818 Qutoau,

474 3852 637 3907 aurssts
665 3851 813 3906 TRIBUS
844 3849 1023 3916 LIBERIS,
1053 3850 1138 3904 ETC.

268 4029 507 4121 Philosophus
532 4036 652 4097 narrat
675 4027 770 4119 quod
793 4027 949 4118 quidam,
976 4027 1116 4095 amissis
1134 4025 1248 4095 trihus
1268 4023 1401 4106 liberis,

202 4150 345 4219 nullum
358 4147 455 4215 aliud
466 4145 636 4214 solacium
646 4143 782 4227 hahuit,
797 4165 903 4234 quam
917 4142 1043 4210 cotidie
1056 4142 1098 4211 ad
1110 4163 1232 4210 eorum
1243 4140 1405 4230 sepulcra

203 4264 337 4348 sedero,
360 4263 527 4354 plangere
548 4267 583 4329 et
603 4261 754 4350 plorare.
778 4257 845 4327 Sed
865 4258 1012 4350 contigit
1035 4264 1120 4327 tune
1146 4255 1404 4349 quodquidam
1452 4253 1465 4278 ⁹

204 4381 345 4450 iuuenis
360 4378 552 4447 dissolutus
568 4375 777 4445 conuiuium
793 4373 1002 4456 celebraret;
1020 4374 1080 4465 qui
1096 4372 1273 4441 dolentem
1290 4371 1405 4462 rapuit

257 4605 296 4678 (l)
312 4603 471 4675 Prophetie
486 4602 522 4657 de
536 4600 675 4670 Ieremia,
691 4599 723 4655 G.
738 4613 777 4663 u,
794 4615 819 4653 r.
834 4600 878 4655 26.

1248 4710 1279 4758 26
