3270 5626
269 505 378 560 ΠΜ
403 496 522 557 cluss
548 505 631 556 PAR
656 505 790 558 EUDES
816 504 923 556 DANS
950 504 1022 556 sus
1047 503 1249 558 summus
1314 510 1356 558 ssi

256 651 361 719 Fallit
375 650 555 742 jurantem
570 648 701 740 juratio
721 649 810 718 factu
830 672 892 739 per
910 656 1034 718 artem.

258 882 341 964 Quae
360 881 449 949 mibi
470 886 596 949 cuneta
616 880 724 957 dabit,
745 882 930 972 promissio
949 888 1073 951 cuncta
1092 883 1246 974 negabit.

254 1115 341 1183 Nom
362 1112 484 1182 dicunt
502 1136 520 1180 e
537 1112 594 1182 vel
613 1135 636 1180 a
654 1119 824 1203 quotquot
842 1120 1036 1183 nascuntur
1054 1115 1098 1183 ab
1118 1115 1200 1184 Eva.

248 1344 393 1414 Attrabe
414 1368 475 1436 per
494 1345 661 1435 primum,
678 1343 794 1414 medio
813 1368 906 1438 rege,
925 1368 1041 1438 punge
1061 1369 1123 1437 per
1142 1347 1270 1431 imum;

250 1461 393 1552 Collige,
416 1466 585 1544 sustento,
607 1461 750 1529 stimula
768 1483 869 1552 vaga,
890 1461 1062 1546 morbida,
1084 1462 1191 1534 lento.

256 1694 416 1762 Ploratur
435 1694 599 1785 lacrymis
614 1693 741 1762 amissa
760 1695 908 1784 pecunia
922 1696 1026 1764 veris.

252 1925 381 1994 Gustus
402 1931 435 1994 et
455 1925 615 2009 ollactus
634 1925 785 2008 auditus,
807 1927 910 2010 visio,
931 1933 1055 2013 tactus,

322 2041 364 2108 Hi
382 2040 474 2109 male
495 2041 673 2132 regnando
692 2063 756 2109 nos
776 2064 940 2133 superare
960 2043 1096 2111 volunt.

318 2273 498 2363 Tempore,
523 2281 656 2357 mente,
679 2274 767 2357 loco,
789 2273 998 2359 conditione,
1017 2275 1120 2343 modo
1142 2277 1201 2365 (l).

324 2496 427 2564 Mello
448 2494 514 2563 sub
534 2517 592 2563 ore
611 2501 745 2581 tenent,
768 2496 869 2564 corde
888 2520 1025 2565 venena
1043 2498 1172 2566 fovent.

355 2694 393 2748 De
407 2691 545 2747 sacerdote
562 2710 572 2748 :

260 2823 404 2892 Sobrius
424 2830 458 2892 et
477 2823 630 2914 prudens
650 2832 744 2910 voto,
765 2825 841 2893 sine
865 2826 1012 2894 crimine
1031 2824 1166 2908 vivens,

257 2941 384 3008 Doctus
404 2946 438 3008 et
457 2946 615 3022 ornatus,
634 2939 739 3009 verbo
759 2940 992 3033 manibusque
1011 2941 1203 3027 modestus,

260 3056 392 3145 llospes
411 3077 483 3125 non
503 3054 650 3145 cupidus
670 3057 716 3124 sit
734 3057 915 3149 presbyter
933 3065 1037 3148 atque
1056 3056 1219 3150 pudicus;

257 3172 349 3241 Talis
368 3171 557 3261 apostolica
576 3170 636 3261 qui
657 3173 774 3262 praesit
794 3174 915 3265 regula
929 3173 1048 3265 jussit.

255 3403 409 3494 Sponsae,
432 3403 556 3473 Tobios
575 3404 777 3487 dormitant,
800 3407 936 3489 PetruS,
959 3405 1094 3491 Helias;

259 3519 318 3588 llae
338 3542 436 3588 moro
456 3527 490 3588 et
509 3520 566 3588 hio
585 3520 711 3606 lassus,
734 3520 790 3590 hic
810 3521 921 3589 tristis
940 3521 1050 3590 ethic
1070 3522 1268 3593 tribulatus.

295 3750 452 3821 Vulnera
472 3752 627 3843 quinque
647 3753 709 3821 Dei
729 3759 811 3821 sunt
830 3752 1005 3823 medicina
1024 3755 1110 3839 mei;

256 3865 472 3936 Vulneribus
492 3866 610 3959 quinis
629 3889 694 3935 nos
714 3891 809 3954 erue,
829 3868 977 3952 Christe,
999 3869 1122 3937 ruinis.

257 4096 387 4188 Egerit,
410 4099 538 4182 irretit,
560 4099 666 4184 tabet,
689 4099 925 4190 suspenditur,
947 4108 1033 4184 oret,

254 4211 296 4281 Se
316 4213 422 4298 levat,
445 4215 599 4299 inflatur,
623 4217 746 4308 surgit,
764 4217 926 4301 moritur,
949 4223 1114 4286 tenuatur
1133 4219 1194 4308 (2).

215 4417 254 4489 (t)
269 4421 326 4475 Pur
340 4419 383 4476 les
398 4421 467 4493 cinq
489 4427 566 4477 mots
586 4422 657 4478 dont
682 4421 702 4478 il
729 4427 773 4477 est
795 4422 889 4478 forme
907 4439 940 4478 ce
955 4439 1020 4479 vers
1034 4423 1157 4495 indique
1170 4424 1237 4495 cinq
1257 4440 1361 4496 genres

178 4504 263 4562 l’abus
278 4509 414 4578 commis,
428 4510 542 4581 d'uprts
555 4510 660 4578 Eudes,
674 4528 728 4583 pur
742 4511 785 4566 les
799 4512 900 4567 maris.
1414 4505 1416 4511 ’

217 4596 254 4669 (2)
269 4597 343 4654 C'est
356 4597 375 4654 t
389 4597 418 4655 la
429 4599 555 4655 monebo
568 4615 625 4671 que
635 4616 673 4690 'ce
688 4599 816 4672 distique
832 4605 876 4656 est
890 4600 1039 4657 consuere.
