3270 5626
577 503 809 554 COLLECTIO
836 503 1039 557 SECUNDA.
1364 506 1410 555 395

211 646 342 716 Eccles.
366 648 412 735 (t)
429 667 437 713 :
456 646 579 714 Cuncti
602 645 676 714 dies
696 648 772 715 eius
792 647 876 727 lah,
896 654 977 730 ete,
999 670 1064 715 nee
1084 670 1146 737 per
1170 653 1308 715 noctem
1324 647 1410 715 sinit

212 761 382 843 dormire3
404 767 457 829 set
478 760 515 828 in
535 768 659 844 morte,
682 760 822 852 quando
841 784 991 852 magnus
1016 785 1076 831 rex
1095 768 1197 831 vocat
1214 762 1258 831 ad
1275 764 1410 831 curiam

210 900 312 947 suam
333 885 372 946 vt
390 876 599 967 respondeat
616 876 858 969 unusquisque
878 900 939 968 pro
963 878 1301 969 transgressionibus
1321 879 1405 961 suis,

209 992 321 1063 nichil
336 992 403 1061 sihi
423 992 580 1075 dimittit,
603 999 656 1061 set
669 994 749 1061 aliis
768 1016 836 1083 que
852 992 956 1062 hahet
970 992 1142 1076 tribuens,
1159 993 1314 1062 mundus
1326 1017 1408 1063 eum

209 1112 302 1193 eicit,
315 1117 353 1177 vt
363 1109 456 1178 dicat
467 1108 548 1177 talis
563 1107 663 1192 illud,
675 1108 856 1191 Jeremias,
868 1109 972 1200 xxti)
987 1131 994 1177 :
1007 1108 1165 1178 Comedit
1179 1132 1236 1177 me
1250 1116 1285 1178 et
1301 1109 1409 1178 deuo·

209 1228 303 1296 rauit
313 1249 370 1294 me
381 1249 441 1294 rex
452 1225 767 1316 Nahugodonos0r;
781 1225 932 1315 repleuit
945 1247 1002 1292 me
1013 1224 1262 1293 temeritudine
1275 1225 1409 1316 (3)mea

206 1353 242 1416 et
259 1345 362 1413 eiciet
381 1366 450 1410 me.
472 1342 558 1410 ltem
581 1341 854 1410 Prouerhiorum
877 1342 1001 1432 quinto
1028 1341 1075 1432 (4)
1100 1341 1176 1409 :Ne
1199 1340 1260 1410 des
1281 1342 1408 1409 alienis

213 1460 323 1530 robur
344 1460 401 1528 vel
426 1458 596 1527 honorem
617 1465 717 1525 tuum
737 1463 773 1525 et
796 1460 928 1525 amicos
948 1461 991 1548 (ὅ)
1011 1465 1089 1526 tuos
1109 1456 1254 1526 crudeli.
1277 1457 1408 1525 Secun-

209 1578 276 1648 dus
295 1582 348 1644 est
363 1597 444 1644 earo
459 1580 495 1642 et
511 1573 617 1642 amici
636 1572 807 1656 carnales,
829 1575 891 1663 qui
906 1582 1044 1662 pastum
1065 1580 1099 1642 et
1119 1574 1407 1664 procuracionem

210 1696 308 1786 large
324 1692 511 1781 recipiunt,
526 1696 578 1757 set
592 1712 702 1780 voque
717 1688 759 1757 ad
779 1711 967 1771 carcerem,
989 1688 1025 1757 id
1045 1696 1098 1758 est
1111 1689 1325 1781 sepulerum,
1348 1688 1407 1757 de-

208 1810 347 1879 ducunt
366 1815 402 1875 et
420 1807 457 1875 in
476 1805 692 1897 protundum
712 1806 898 1894 proiciunt.
922 1806 1060 1873 Tertius
1079 1811 1133 1874 est
1151 1803 1324 1887 diabolus,
1347 1806 1406 1895 qui

207 1947 319 2017 taque
335 1923 378 1992 ad
398 1923 562 1991 ultimum
579 1919 749 1989 iudicium
766 1919 907 1990 deducit
920 1927 955 1988 et
970 1920 1018 1989 ihi
1038 1921 1231 1989 federatum
1252 1920 1317 1988 sihi
1334 1943 1408 1988 sus-

209 2041 343 2132 pendit.
360 2040 421 2107 Set
431 2044 578 2128 quartus
589 2043 643 2105 est
655 2037 814 2106 Christus
825 2037 934 2111 solus.
947 2039 1008 2127 qui
1020 2059 1081 2126 pro
1091 2038 1215 2105 amicis
1230 2038 1304 2105 suis
1315 2059 1407 2104 mor-

207 2162 278 2225 tem
302 2154 486 2236 sustinuit,
507 2158 542 2220 et
560 2153 655 2221 solus
677 2175 780 2220 verus
804 2153 939 2220 amicus
959 2153 1036 2220 fuit.
1059 2152 1195 2221 'l’ullius
1214 2152 1256 2220 de
1276 2152 1406 2219 Amici-

209 2273 254 2341 tia
272 2272 318 2362 (o)
342 2291 349 2338 :
372 2269 438 2351 Qui
455 2271 491 2337 in
511 2269 687 2360 prosperis
706 2275 741 2336 et
754 2267 913 2336 aduersis
932 2274 1151 2336 constantem
1171 2267 1405 2359 stabilemque

207 2410 244 2457 se
268 2388 306 2454 in
334 2386 492 2455 amicitia
517 2385 721 2475 prostiterit,
751 2384 846 2453 hunc
868 2385 1019 2454 maxime
1044 2407 1086 2452 ex
1114 2407 1193 2452 raro
1218 2383 1404 2452 hominum

205 2525 334 2595 genere
350 2500 506 2570 iudicare
525 2499 693 2568 dehemus
709 2502 874 2584 amicum,
891 2508 925 2570 et
944 2503 1064 2592 generi
1085 2499 1207 2568 diuino
1227 2521 1405 2589 eompara-

205 2617 312 2687 bitur.

253 2842 331 2898 xlll
363 2842 489 2913 gxtlvt).
519 2872 555 2881 --
579 2842 628 2896 DE
652 2841 846 2906 QUATUOlt
874 2842 1109 2897 GENEltlBUS
1133 2839 1343 2896 hltliOltllll.

269 2992 567 3083 Quatuorgenera
578 2991 744 3059 arborum
754 2996 848 3059 sunt.
863 2991 923 3059 Est
931 2992 1026 3059 enim
1036 3014 1117 3072 vna,
1128 2983 1198 3081 ¹que
1214 3012 1285 3057 non
1299 2990 1401 3074 viret,

206 3131 269 3177 nec
289 3107 701 3191 lloret,necfruetil1cat,
725 3113 762 3175 vt
782 3114 884 3175 vetus
907 3106 1011 3175 arhor
1029 3105 1071 3173 de
1091 3129 1161 3197 qua
1182 3111 1295 3197 potest
1312 3103 1400 3175 dici:

203 3222 350 3294 Succide
365 3223 438 3312 (fol.
450 3224 506 3314 33)
518 3223 617 3291 illam
627 3224 688 3313 (7),
706 3229 743 3291 vt
758 3223 842 3314 quid
858 3229 1155 3314 terramoeeupat,
1168 3222 1210 3290 ad
1228 3222 1402 3290 nichilum

201 3341 293 3410 valet
314 3339 384 3406 nisi
404 3347 441 3407 vt
456 3338 587 3407 ardeat.
605 3339 669 3406 llic
689 3344 741 3406 est
759 3339 872 3406 nialus
890 3338 1008 3423 homo,
1030 3339 1091 3430 qui
1114 3339 1331 3407 inueteratus
1351 3344 1401 3406 est
1467 3316 1470 3319 γ

202 3462 356 3546 peccato,
376 3462 412 3523 et
429 3453 539 3524 nichil
561 3454 642 3522 honi
666 3457 830 3544 prouenit
849 3454 892 3522 ab
912 3478 965 3523 eo.
988 3454 1079 3523 Talis
1100 3455 1205 3523 homo
1226 3454 1403 3522 occidetur

201 3580 234 3642 et
249 3572 422 3640 morietur
436 3572 518 3638 etin
531 3570 649 3661 ignem
660 3572 821 3638 mittetur
834 3578 1008 3639 eternum.
1022 3571 1182 3640 Secunda
1192 3570 1288 3639 enim
1299 3567 1402 3637 arhor

200 3696 263 3770 est,
281 3710 352 3779 que
366 3686 539 3779 germinat
555 3693 589 3753 et
603 3687 694 3754 viret
707 3692 742 3753 et
756 3687 840 3754 folia
854 3686 959 3755 hahet
974 3693 1009 3754 ot
1025 3687 1138 3768 flores,
1152 3693 1204 3754 set
1223 3708 1294 3753 non
1309 3687 1402 3753 fruc-

200 3803 327 3886 tificat3
350 3803 430 3871 talis
450 3810 525 3871 erat
545 3802 661 3887 Ficus,
687 3805 724 3871 in
749 3826 818 3894 qua
839 3802 1010 3872 Dominus
1034 3803 1117 3870 folia
1135 3808 1274 3871 tantum
1299 3803 1400 3870 inue-

200 3920 251 3988 nit
272 3926 308 3988 et
323 3917 508 3988 maledixit
523 3921 553 3987 ei
570 3926 604 3988 et
620 3920 737 3988 statim
753 3919 859 3987 aruit.
881 3918 945 3987 Hie
965 3926 1018 3987 est
1032 3920 1200 4011 ypocrita,
1218 3919 1278 4009 qui
1295 3917 1401 3987 hahet

250 4080 289 4153 (l)
304 4080 491 4149 Ecclesiastea,
506 4081 535 4137 C.
553 4098 583 4146 u,
599 4099 624 4136 v.
642 4084 685 4138 2³.

251 4169 291 4242 (2)
308 4171 372 4224 Non
387 4186 438 4240 pas
453 4172 483 4225 C.
500 4187 548 4239 xx,
563 4171 637 4225 mais
652 4170 682 4226 C.
698 4187 773 4238 uer.
791 4174 834 4225 ar.

251 4261 288 4331 (3)
306 4258 389 4313 hinsi
406 4275 481 4329 pour
496 4260 690 4316 teneritudine.

250 4348 289 4420 il)
305 4349 400 4419 Voyez
415 4347 463 4403 liv.
481 4349 512 4414 V,
528 4365 554 4402 v.
571 4353 597 4405 9.

252 4436 292 4508 (5)
306 4439 352 4492 hu
363 4436 424 4492 lieu
436 4437 472 4493 de
487 4439 588 4494 anticos
603 4439 671 4494 lisez
686 4456 692 4493 :
709 4454 807 4494 annos.

250 4525 290 4598 (6)
305 4527 400 4596 Voyez
415 4528 429 4596 §
445 4543 501 4584 xvu
516 4526 547 4582 in
564 4527 631 4582 line.

251 4616 290 4689 (7)
304 4601 441 4687 lh'angile
459 4615 542 4671 selon
558 4614 587 4671 S.
605 4617 673 4686 Luc,
687 4618 718 4672 C.
733 4634 791 4687 rur,
806 4636 831 4673 r.
849 4622 874 4672 7.
