3270 5626
632 418 637 453 1

345 489 494 543 01101118
519 491 572 543 DE
598 491 808 544 GERl'l'ONA
833 492 1018 545 nanuum.
1243 498 1288 548 231

88 640 254 725 corrupta
268 640 333 702 est.
350 635 445 703 'luno
466 634 571 703 debet
588 635 843 726 paterfamilias
862 636 999 704 usclare
1021 636 1068 726 (1)
1089 644 1123 705 et
1141 639 1289 708 combu-

89 773 166 818 rere
185 750 332 840 capillos
346 772 468 818 earum
483 756 518 819 et
536 750 682 819 induere
697 751 777 819 illas
797 773 869 819 non
884 752 1010 841 pannis
1025 754 1206 842 preciosis,
1229 755 1289 823 sed

18 913 19 916 =
90 864 260 955 pellibus;
278 871 313 933 et
327 865 377 934 sic
391 864 487 933 domi
503 865 749 935 remanebunt.

327 1054 439 1110 Lxlr'e
468 1084 504 1095 -
534 1055 595 1126 [DE
623 1055 793 1120 Qulnnu
822 1054 1057 1128 multllm).

157 1204 375 1286 Querebatur
392 1228 413 1273 a
428 1203 579 1296 quadam
592 1204 741 1273 [lomina
759 1228 870 1296 quare
889 1207 939 1274 ita
954 1213 1113 1275 uteretur
1131 1208 1290 1278 uestibus

92 1329 162 1388 tam
185 1321 367 1410 preciosis,
388 1326 424 1388 et
446 1319 655 1411 respondit:
685 1321 763 1390 Non
790 1329 830 1390 ut
866 1321 999 1390 mundo
1029 1323 1198 1412 placeam,
1229 1324 1290 1393 sed

92 1437 228 1504 marito.
247 1435 290 1504 Et
301 1437 350 1503 ait
367 1457 375 1504 :
392 1436 536 1504 Falsum
551 1441 616 1519 est,
634 1436 802 1518 Domina3
825 1439 910 1519 ime,
932 1437 1072 1527 quando
1087 1461 1124 1507 es
1143 1440 1181 1506 in
1196 1440 1289 1508 mul-

94 1550 255 1635 titudine,
270 1552 404 1641 [uteris]
422 1553 614 1650 preciosis,
626 1551 767 1643 quando
783 1575 819 1622 es
836 1553 872 1620 in
892 1552 995 1621 domo
1010 1576 1127 1622 coram
1147 1557 1287 1637 marito,

96 1667 210 1736 induis
225 1667 325 1751 uilia,
347 1690 452 1757 super
466 1669 634 1757 perticam
650 1669 752 1758 ponis
768 1669 935 1758 preciosa.

317 1872 403 1928 lxv,
432 1903 469 1913 -
496 1874 546 1928 DE
575 1872 742 1929 utconlu
771 1874 818 1929 ET
847 1874 1068 1930 SERPENTE.

223 2002 328 2072 Quod
347 2000 542 2073 prtnclptls
563 2003 623 2061 est
643 2002 868 2062 obstandum
891 2005 927 2062 at
948 2005 1079 2063 cetera
1100 2000 1155 2081 (3).

156 2156 300 2224 Ciconia
323 2159 422 2224 uenit
441 2155 484 2223 ad
506 2157 664 2224 foramen
688 2156 880 2246 Serpentis,
910 2165 944 2225 et
972 2160 1112 2226 uocauit
1138 2181 1219 2227 eum
1249 2168 1288 2228 ut

95 2274 213 2340 exiret.
233 2270 423 2361 Respondit
437 2271 589 2361 Serpens
607 2270 716 2353 :Quis
729 2295 766 2340 es
784 2279 835 2355 tu,
854 2273 914 2362 qui
931 2296 1037 2340 ausus
1053 2296 1090 2342 es
1107 2296 1163 2341 me
1179 2275 1287 2342 infes-

93 2391 183 2455 tare?
198 2386 241 2453 Et
264 2388 339 2455 ait:
364 2387 436 2478 Ego
458 2408 539 2455 sum
558 2386 711 2469 Ciconia,
727 2393 761 2456 et
785 2387 938 2455 libenter
964 2395 1079 2456 tecum
1095 2388 1287 2457 contende·

93 2525 174 2570 rem.
194 2502 235 2569 Et
246 2504 296 2570 ait
311 2504 359 2592 (p.
370 2504 447 2585 515,
466 2525 496 2570 c.
508 2506 539 2589 1)
555 2501 705 2591 Serpens
723 2524 730 2571 :
748 2503 886 2583 Misera,
900 2525 980 2571 oum
996 2504 1143 2593 graciles
1160 2503 1288 2572 habeas

42 2677 47 2686 .
90 2617 193 2686 tibias
212 2624 247 2685 et
260 2618 416 2708 fragiles,
434 2617 567 2685 collum
580 2617 710 2708 gracile
728 2625 761 2685 et
782 2618 939 2709 longum,
957 2618 1131 2709 quomodo
1147 2642 1285 2688 mecum

90 2755 274 2825 pugnares,
286 2733 453 2822 quoniam
469 2733 540 2800 uici
556 2733 840 2800 strenuissimum
852 2733 996 2817 animal,
1013 2735 1146 2803 scilicet
1161 2734 1284 2817 Adam,

88 2850 244 2937 primum
264 2847 444 2917 hominem
464 2871 484 2915 a
504 2848 575 2916 Deo
589 2847 814 2938 plasmatum,
828 2853 861 2916 et
876 2871 1021 2917 uxorem
1039 2850 1128 2932 eius,
1145 2858 1180 2917 et
1195 2851 1286 2917 mul-

88 2971 139 3031 tos
165 2963 328 3031 homines
354 2964 391 3030 in
413 2963 550 3032 deserto
577 2965 733 3053 peremi?
759 2963 907 3031 Centum
938 2965 1025 3032 tales
1052 2964 1191 3033 Ciconie
1213 2988 1284 3033 non

88 3086 230 3169 possent
263 3079 409 3146 unicum
438 3078 619 3148 hominem
649 3101 862 3169 expugnare.
894 3079 1074 3160 Quomodo
1113 3080 1287 3170 presumis

88 3216 227 3263 meeum
247 3193 479 3263 contendere?
496 3194 537 3262 Et
550 3193 597 3262 ait
613 3193 753 3262 Ciconia
772 3217 779 3263 :
795 3194 945 3262 'lantum
963 3218 1065 3264 exeas
1080 3197 1237 3265 toramen
1253 3204 1288 3265 et

90 3309 238 3377 uidebis.
261 3309 411 3399 Serpens
432 3311 555 3392 iratus,
577 3309 752 3377 sibilando
774 3317 808 3377 et
827 3333 866 3377 os
885 3310 1074 3399 aperiendo
1094 3312 1180 3402 (sic),
1197 3313 1286 3379 sora-

91 3449 169 3493 men
197 3425 320 3506 exiuit,
341 3426 442 3515 quasi
466 3425 574 3493 uellet
598 3426 776 3494 Ciconiam
807 3431 915 3493 totam
939 3425 1120 3495 deuorare.
1146 3427 1286 3495 Ciconia

91 3543 207 3608 statim
232 3539 328 3608 dedit
346 3541 379 3608 ei
404 3563 485 3608 eum
510 3548 622 3608 rostro
649 3563 756 3630 super
781 3541 905 3630 capud,
935 3549 968 3609 et
990 3542 1140 3631 Serpens
1166 3545 1283 3610 statim
1400 3611 1405 3619 ,

93 3656 265 3739 occubuit,
278 3655 399 3724 dicens
417 3677 424 3720 :
444 3656 530 3724 Ecce
546 3657 616 3724 iam
632 3678 688 3723 mo
704 3657 893 3744 peremisti.
913 3657 971 3724 Ait
986 3657 1126 3724 Ciconia
1143 3677 1151 3723 :
1172 3656 1283 3737 Certe,

97 3773 121 3836 si
145 3770 257 3839 Adam
278 3776 313 3838 et
336 3772 441 3838 ceteri
463 3769 626 3838 homines
646 3772 777 3838 scirent
796 3769 855 3838 ubi
878 3779 927 3838 est
948 3773 1021 3838 uita
1046 3779 1104 3839 tua
1124 3779 1156 3838 et
1177 3772 1286 3839 sortu-
1316 3800 1320 3805 ¹

97 3887 174 3967 tido,
198 3893 234 3955 ot
259 3886 325 3954 hoc
347 3886 495 3954 artificio
521 3887 576 3954 usi
606 3895 734 3967 essent,
759 3892 792 3954 te
821 3889 856 3953 in
881 3889 992 3976 capite
1018 3862 1283 3976 percussissent,

101 4022 272 4092 nunquam
289 4024 308 4068 a
327 4007 360 4069 te
374 4002 461 4070 uicti
477 4002 638 4069 luissent.
660 4002 733 4070 'lali
750 4002 859 4090 igitur·
874 4008 947 4068 arte
962 4002 1132 4070 utendum
1154 4010 1216 4069 est.

308 4145 479 4222 Principiis
495 4146 602 4216 obsta,
621 4162 694 4206 sero
708 4144 869 4205 medicina
884 4151 1024 4222 paratur.

349 4252 429 4312 Cum
445 4253 528 4312 nrala
544 4269 602 4329 per
614 4252 727 4330 longas
740 4251 936 4312 conualuere
955 4271 1074 4313 moros.

148 4403 181 4471 ,tl
197 4404 239 4457 Au
252 4409 315 4457 mot
326 4402 366 4458 du
378 4420 432 4457 ms.
447 4403 552 4458 uectore
570 4402 589 4456 il
604 4402 664 4456 11111
678 4405 821 4473 peut-illm
837 4403 997 4457 substituer
1013 4403 1124 4458 acriore.

147 4492 180 4559 il)
196 4492 252 4545 1111.
270 4495 328 4559 71·,
345 4493 405 4546 llll.
421 4495 479 4557 77⁸,
493 4492 548 4546 AB.
563 4494 620 4554 ill,
636 4493 690 4545 CA.
702 4493 758 4544 cte.

149 4578 182 4646 ld)
197 4579 257 4636 1111.
272 4582 317 4645 37,
329 4581 388 4635 llll.
400 4583 446 4646 72,
459 4581 519 4636 111).
531 4582 577 4646 78,
589 4581 645 4636 All.
657 4582 702 4645 72,
719 4581 772 4634 CA.
785 4583 828 4634 (55.
