<?xml version="1.0" encoding="UTF-8"?>
<!DOCTYPE html PUBLIC "-//W3C//DTD XHTML 1.0 Transitional//EN"
    "http://www.w3.org/TR/xhtml1/DTD/xhtml1-transitional.dtd">
<html xmlns="http://www.w3.org/1999/xhtml" xml:lang="en" lang="en">
 <head>
  <title>
</title>
<meta http-equiv="Content-Type" content="text/html;charset=utf-8" />
  <meta name='ocr-system' content='tesseract 3.04.00' />
  <meta name='ocr-capabilities' content='ocr_page ocr_carea ocr_par ocr_line ocrx_word'/>
</head>
<body>
  <div class='ocr_page' id='page_1' title='image "./lesfabulistesla00hervgoog_0387.png"; bbox 0 0 3270 5626; ppageno 0'>
   <div class='ocr_carea' id='block_1_1' title="bbox 627 492 1426 546">
    <p class='ocr_par' dir='ltr' id='par_1_1' title="bbox 627 492 1426 546">
     <span class='ocr_line' id='line_1_1' title="bbox 627 492 1426 546; baseline -0.001 -2"><span class='ocrx_word' id='word_1_1' title='bbox 627 493 860 546; x_wconf 74' lang='lat' dir='ltr'>coutucrlo</span> <span class='ocrx_word' id='word_1_2' title='bbox 886 492 1028 545; x_wconf 81' lang='lat' dir='ltr'><strong>PRIMA.</strong></span> <span class='ocrx_word' id='word_1_3' title='bbox 1381 495 1426 544; x_wconf 68' lang='lat'>315</span> 
     </span>
    </p>
   </div>
   <div class='ocr_carea' id='block_1_2' title="bbox 213 633 1429 4640">
    <p class='ocr_par' dir='ltr' id='par_1_2' title="bbox 213 633 1429 4640">
     <span class='ocr_line' id='line_1_2' title="bbox 225 633 1427 726; baseline -0.001 -22"><span class='ocrx_word' id='word_1_4' title='bbox 225 636 416 719; x_wconf 85' lang='lat' dir='ltr'>desideres,</span> <span class='ocrx_word' id='word_1_5' title='bbox 432 637 469 704; x_wconf 92' lang='lat' dir='ltr'>in</span> <span class='ocrx_word' id='word_1_6' title='bbox 489 642 591 704; x_wconf 89' lang='lat' dir='ltr'>nocte</span> <span class='ocrx_word' id='word_1_7' title='bbox 612 637 822 705; x_wconf 86' lang='lat' dir='ltr'>Parasceues</span> <span class='ocrx_word' id='word_1_8' title='bbox 844 637 914 704; x_wconf 88' lang='lat' dir='ltr'>iam</span> <span class='ocrx_word' id='word_1_9' title='bbox 934 636 1094 726; x_wconf 85' lang='lat' dir='ltr'>proxima</span> <span class='ocrx_word' id='word_1_10' title='bbox 1117 634 1282 716; x_wconf 72' lang='lat' dir='ltr'><strong>instante,</strong></span> <span class='ocrx_word' id='word_1_11' title='bbox 1308 633 1351 703; x_wconf 89' lang='lat' dir='ltr'>ad</span> <span class='ocrx_word' id='word_1_12' title='bbox 1371 657 1427 703; x_wconf 92' lang='lat' dir='ltr'>me</span> 
     </span>
     <span class='ocr_line' id='line_1_3' title="bbox 227 747 1429 843; baseline -0.002 -23"><span class='ocrx_word' id='word_1_13' title='bbox 227 774 348 820; x_wconf 89' lang='lat' dir='ltr'>secure</span> <span class='ocrx_word' id='word_1_14' title='bbox 362 752 496 834; x_wconf 88' lang='lat' dir='ltr'>venias,</span> <span class='ocrx_word' id='word_1_15' title='bbox 514 751 597 843; x_wconf 89' lang='lat' dir='ltr'>quia</span> <span class='ocrx_word' id='word_1_16' title='bbox 616 759 714 842; x_wconf 90' lang='lat' dir='ltr'>pater</span> <span class='ocrx_word' id='word_1_17' title='bbox 728 774 828 821; x_wconf 89' lang='lat' dir='ltr'>mens</span> <span class='ocrx_word' id='word_1_18' title='bbox 848 759 883 820; x_wconf 89' lang='lat' dir='ltr'>et</span> <span class='ocrx_word' id='word_1_19' title='bbox 902 751 1021 841; x_wconf 89' lang='lat' dir='ltr'>plures</span> <span class='ocrx_word' id='word_1_20' title='bbox 1043 747 1102 839; x_wconf 89' lang='lat' dir='ltr'>alij</span> <span class='ocrx_word' id='word_1_21' title='bbox 1125 749 1287 841; x_wconf 88' lang='lat' dir='ltr'>degente</span> <span class='ocrx_word' id='word_1_22' title='bbox 1308 757 1429 819; x_wconf 90' lang='lat' dir='ltr'>nostra</span> 
     </span>
     <span class='ocr_line' id='line_1_4' title="bbox 229 866 1428 960; baseline 0 -26"><span class='ocrx_word' id='word_1_23' title='bbox 229 867 379 936; x_wconf 89' lang='lat' dir='ltr'>diuersis</span> <span class='ocrx_word' id='word_1_24' title='bbox 389 868 562 960; x_wconf 89' lang='lat' dir='ltr'>angustiis</span> <span class='ocrx_word' id='word_1_25' title='bbox 573 873 608 936; x_wconf 90' lang='lat' dir='ltr'>et</span> <span class='ocrx_word' id='word_1_26' title='bbox 622 866 886 937; x_wconf 85' lang='lat' dir='ltr'>infirmitatibus</span> <span class='ocrx_word' id='word_1_27' title='bbox 902 867 963 935; x_wconf 94' lang='lat' dir='ltr'>illo</span> <span class='ocrx_word' id='word_1_28' title='bbox 975 867 1030 935; x_wconf 92' lang='lat' dir='ltr'>die</span> <span class='ocrx_word' id='word_1_29' title='bbox 1045 873 1129 934; x_wconf 91' lang='lat' dir='ltr'>sunt</span> <span class='ocrx_word' id='word_1_30' title='bbox 1143 866 1281 955; x_wconf 86' lang='lat' dir='ltr'>fatigati</span> <span class='ocrx_word' id='word_1_31' title='bbox 1296 872 1328 934; x_wconf 91' lang='lat' dir='ltr'>et</span> <span class='ocrx_word' id='word_1_32' title='bbox 1338 866 1428 934; x_wconf 68' lang='lat' dir='ltr'>mul»</span> 
     </span>
     <span class='ocr_line' id='line_1_5' title="bbox 229 980 1428 1075; baseline 0.001 -25"><span class='ocrx_word' id='word_1_33' title='bbox 229 983 396 1074; x_wconf 90' lang='lat' dir='ltr'>tiplieiter</span> <span class='ocrx_word' id='word_1_34' title='bbox 409 983 589 1075; x_wconf 86' lang='lat' dir='ltr'>flagellati,</span> <span class='ocrx_word' id='word_1_35' title='bbox 607 985 654 1052; x_wconf 89' lang='lat' dir='ltr'>ita</span> <span class='ocrx_word' id='word_1_36' title='bbox 666 982 760 1075; x_wconf 93' lang='lat' dir='ltr'>quod</span> <span class='ocrx_word' id='word_1_37' title='bbox 775 983 836 1052; x_wconf 90' lang='lat' dir='ltr'>illa</span> <span class='ocrx_word' id='word_1_38' title='bbox 854 989 956 1052; x_wconf 91' lang='lat' dir='ltr'>nocte</span> <span class='ocrx_word' id='word_1_39' title='bbox 971 982 1090 1050; x_wconf 92' lang='lat' dir='ltr'>nullus</span> <span class='ocrx_word' id='word_1_40' title='bbox 1105 980 1148 1050; x_wconf 92' lang='lat' dir='ltr'>de</span> <span class='ocrx_word' id='word_1_41' title='bbox 1162 981 1265 1050; x_wconf 92' lang='lat' dir='ltr'>nobis</span> <span class='ocrx_word' id='word_1_42' title='bbox 1284 981 1428 1073; x_wconf 82' lang='lat' dir='ltr'>aliquod</span> 
     </span>
     <span class='ocr_line' id='line_1_6' title="bbox 227 1097 1425 1190; baseline -0.002 -23"><span class='ocrx_word' id='word_1_43' title='bbox 227 1099 360 1168; x_wconf 89' lang='lat' dir='ltr'>malum</span> <span class='ocrx_word' id='word_1_44' title='bbox 371 1100 548 1190; x_wconf 82' lang='lat' dir='ltr'>suspicere</span> <span class='ocrx_word' id='word_1_45' title='bbox 559 1106 749 1189; x_wconf 88' lang='lat' dir='ltr'>presumet.</span> <span class='ocrx_word' id='word_1_46' title='bbox 761 1100 842 1169; x_wconf 88' lang='lat' dir='ltr'>Suis</span> <span class='ocrx_word' id='word_1_47' title='bbox 855 1098 956 1167; x_wconf 92' lang='lat' dir='ltr'>dictis</span> <span class='ocrx_word' id='word_1_48' title='bbox 972 1100 1163 1166; x_wconf 88' lang='lat' dir='ltr'>canonicus</span> <span class='ocrx_word' id='word_1_49' title='bbox 1185 1097 1425 1188; x_wconf 59' lang='lat' dir='ltr'>adquiescens</span> 
     </span>
     <span class='ocr_line' id='line_1_7' title="bbox 226 1212 1425 1304; baseline -0.002 -22"><span class='ocrx_word' id='word_1_50' title='bbox 226 1214 306 1283; x_wconf 91' lang='lat' dir='ltr'>licet</span> <span class='ocrx_word' id='word_1_51' title='bbox 320 1214 387 1283; x_wconf 93' lang='lat' dir='ltr'>hoc</span> <span class='ocrx_word' id='word_1_52' title='bbox 400 1214 546 1284; x_wconf 76' lang='lat' dir='ltr'>cuilibet</span> <span class='ocrx_word' id='word_1_53' title='bbox 562 1214 754 1284; x_wconf 90' lang='lat' dir='ltr'>christiano</span> <span class='ocrx_word' id='word_1_54' title='bbox 770 1216 858 1283; x_wconf 91' lang='lat' dir='ltr'>scire</span> <span class='ocrx_word' id='word_1_55' title='bbox 879 1219 970 1283; x_wconf 91' lang='lat' dir='ltr'>esset</span> <span class='ocrx_word' id='word_1_56' title='bbox 989 1212 1321 1304; x_wconf 81' lang='lat' dir='ltr'><strong>nephandissimum</strong></span> <span class='ocrx_word' id='word_1_57' title='bbox 1337 1213 1425 1304; x_wconf 81' lang='lat' dir='ltr'>(sic),</span> 
     </span>
     <span class='ocr_line' id='line_1_8' title="bbox 224 1328 1428 1420; baseline 0.001 -24"><span class='ocrx_word' id='word_1_58' title='bbox 224 1329 285 1398; x_wconf 90' lang='lat' dir='ltr'>illa</span> <span class='ocrx_word' id='word_1_59' title='bbox 304 1336 406 1399; x_wconf 89' lang='lat' dir='ltr'>noete</span> <span class='ocrx_word' id='word_1_60' title='bbox 423 1352 522 1399; x_wconf 86' lang='lat' dir='ltr'>sacra</span> <span class='ocrx_word' id='word_1_61' title='bbox 542 1331 752 1400; x_wconf 87' lang='lat' dir='ltr'>Parasceues</span> <span class='ocrx_word' id='word_1_62' title='bbox 766 1354 847 1400; x_wconf 89' lang='lat' dir='ltr'>cum</span> <span class='ocrx_word' id='word_1_63' title='bbox 863 1331 925 1399; x_wconf 86' lang='lat' dir='ltr'>illa</span> <span class='ocrx_word' id='word_1_64' title='bbox 943 1329 1144 1399; x_wconf 80' lang='lat' dir='ltr'>concubuit.</span> <span class='ocrx_word' id='word_1_65' title='bbox 1162 1329 1261 1397; x_wconf 82' lang='lat' dir='ltr'>Vnde</span> <span class='ocrx_word' id='word_1_66' title='bbox 1281 1328 1428 1420; x_wconf 90' lang='lat' dir='ltr'>contigit</span> 
     </span>
     <span class='ocr_line' id='line_1_9' title="bbox 226 1444 1426 1536; baseline -0.001 -22"><span class='ocrx_word' id='word_1_67' title='bbox 226 1444 317 1536; x_wconf 92' lang='lat' dir='ltr'>quod</span> <span class='ocrx_word' id='word_1_68' title='bbox 332 1452 431 1536; x_wconf 90' lang='lat' dir='ltr'>pater</span> <span class='ocrx_word' id='word_1_69' title='bbox 444 1446 560 1536; x_wconf 90' lang='lat' dir='ltr'>puelle</span> <span class='ocrx_word' id='word_1_70' title='bbox 576 1469 713 1515; x_wconf 86' lang='lat' dir='ltr'>summo</span> <span class='ocrx_word' id='word_1_71' title='bbox 729 1470 832 1515; x_wconf 89' lang='lat' dir='ltr'>mane</span> <span class='ocrx_word' id='word_1_72' title='bbox 847 1447 890 1515; x_wconf 89' lang='lat' dir='ltr'>ad</span> <span class='ocrx_word' id='word_1_73' title='bbox 906 1448 1036 1515; x_wconf 89' lang='lat' dir='ltr'>lectum</span> <span class='ocrx_word' id='word_1_74' title='bbox 1052 1446 1122 1513; x_wconf 88' lang='lat' dir='ltr'>filie</span> <span class='ocrx_word' id='word_1_75' title='bbox 1136 1447 1296 1528; x_wconf 87' lang='lat' dir='ltr'>veniens,</span> <span class='ocrx_word' id='word_1_76' title='bbox 1308 1446 1426 1534; x_wconf 89' lang='lat' dir='ltr'>ipsum</span> 
     </span>
     <span class='ocr_line' id='line_1_10' title="bbox 224 1561 1425 1653; baseline 0.001 -24"><span class='ocrx_word' id='word_1_77' title='bbox 224 1562 433 1631; x_wconf 91' lang='lat' dir='ltr'>canonicum</span> <span class='ocrx_word' id='word_1_78' title='bbox 448 1584 528 1631; x_wconf 92' lang='lat' dir='ltr'>cum</span> <span class='ocrx_word' id='word_1_79' title='bbox 545 1562 607 1631; x_wconf 89' lang='lat' dir='ltr'>illa</span> <span class='ocrx_word' id='word_1_80' title='bbox 627 1561 776 1641; x_wconf 88' lang='lat' dir='ltr'>inuenit,</span> <span class='ocrx_word' id='word_1_81' title='bbox 793 1570 828 1631; x_wconf 92' lang='lat' dir='ltr'>et</span> <span class='ocrx_word' id='word_1_82' title='bbox 845 1564 992 1653; x_wconf 86' lang='lat' dir='ltr'>cupiens</span> <span class='ocrx_word' id='word_1_83' title='bbox 1012 1563 1116 1630; x_wconf 91' lang='lat' dir='ltr'>illum</span> <span class='ocrx_word' id='word_1_84' title='bbox 1136 1561 1334 1630; x_wconf 87' lang='lat' dir='ltr'>interlicere</span> <span class='ocrx_word' id='word_1_85' title='bbox 1353 1583 1425 1630; x_wconf 91' lang='lat' dir='ltr'>non</span> 
     </span>
     <span class='ocr_line' id='line_1_11' title="bbox 224 1675 1425 1769; baseline 0 -25"><span class='ocrx_word' id='word_1_86' title='bbox 224 1675 385 1760; x_wconf 81' lang='lat' dir='ltr'>audebat,</span> <span class='ocrx_word' id='word_1_87' title='bbox 399 1678 482 1769; x_wconf 90' lang='lat' dir='ltr'>quia</span> <span class='ocrx_word' id='word_1_88' title='bbox 496 1677 610 1747; x_wconf 87' lang='lat' dir='ltr'>dictus</span> <span class='ocrx_word' id='word_1_89' title='bbox 624 1680 814 1748; x_wconf 89' lang='lat' dir='ltr'>canonicus</span> <span class='ocrx_word' id='word_1_90' title='bbox 833 1702 942 1769; x_wconf 91' lang='lat' dir='ltr'>nepos</span> <span class='ocrx_word' id='word_1_91' title='bbox 957 1685 1032 1747; x_wconf 89' lang='lat' dir='ltr'>erat</span> <span class='ocrx_word' id='word_1_92' title='bbox 1047 1679 1201 1768; x_wconf 84' lang='lat' dir='ltr'>episcopi</span> <span class='ocrx_word' id='word_1_93' title='bbox 1222 1676 1321 1746; x_wconf 92' lang='lat' dir='ltr'>illius</span> <span class='ocrx_word' id='word_1_94' title='bbox 1336 1678 1425 1745; x_wconf 91' lang='lat' dir='ltr'>ciui·</span> 
     </span>
     <span class='ocr_line' id='line_1_12' title="bbox 224 1792 1425 1885; baseline 0 -25"><span class='ocrx_word' id='word_1_95' title='bbox 224 1793 316 1875; x_wconf 89' lang='lat' dir='ltr'>tatis,</span> <span class='ocrx_word' id='word_1_96' title='bbox 338 1798 373 1860; x_wconf 92' lang='lat' dir='ltr'>et</span> <span class='ocrx_word' id='word_1_97' title='bbox 397 1793 447 1861; x_wconf 85' lang='lat' dir='ltr'>sic</span> <span class='ocrx_word' id='word_1_98' title='bbox 471 1792 573 1861; x_wconf 92' lang='lat' dir='ltr'>illum</span> <span class='ocrx_word' id='word_1_99' title='bbox 598 1793 694 1863; x_wconf 89' lang='lat' dir='ltr'>abire</span> <span class='ocrx_word' id='word_1_100' title='bbox 716 1795 888 1885; x_wconf 81' lang='lat' dir='ltr'>permisit.</span> <span class='ocrx_word' id='word_1_101' title='bbox 913 1794 1025 1876; x_wconf 84' lang='lat' dir='ltr'>Vnde,</span> <span class='ocrx_word' id='word_1_102' title='bbox 1047 1816 1127 1862; x_wconf 90' lang='lat' dir='ltr'>cum</span> <span class='ocrx_word' id='word_1_103' title='bbox 1151 1793 1211 1861; x_wconf 89' lang='lat' dir='ltr'>illc</span> <span class='ocrx_word' id='word_1_104' title='bbox 1235 1794 1425 1862; x_wconf 85' lang='lat' dir='ltr'>canonicus</span> 
     </span>
     <span class='ocr_line' id='line_1_13' title="bbox 227 1907 1425 2001; baseline 0.002 -27"><span class='ocrx_word' id='word_1_105' title='bbox 227 1907 264 1975; x_wconf 92' lang='lat' dir='ltr'>in</span> <span class='ocrx_word' id='word_1_106' title='bbox 284 1907 348 1976; x_wconf 94' lang='lat' dir='ltr'>illo</span> <span class='ocrx_word' id='word_1_107' title='bbox 364 1914 483 1977; x_wconf 90' lang='lat' dir='ltr'>sancto</span> <span class='ocrx_word' id='word_1_108' title='bbox 504 1908 647 1978; x_wconf 87' lang='lat' dir='ltr'>sabbato</span> <span class='ocrx_word' id='word_1_109' title='bbox 663 1908 794 1978; x_wconf 84' lang='lat' dir='ltr'>Pasche</span> <span class='ocrx_word' id='word_1_110' title='bbox 811 1908 971 2001; x_wconf 86' lang='lat' dir='ltr'>episcopo</span> <span class='ocrx_word' id='word_1_111' title='bbox 986 1910 1131 1977; x_wconf 87' lang='lat' dir='ltr'>missam</span> <span class='ocrx_word' id='word_1_112' title='bbox 1151 1908 1341 1978; x_wconf 82' lang='lat' dir='ltr'>celebranti</span> <span class='ocrx_word' id='word_1_113' title='bbox 1357 1909 1425 1976; x_wconf 91' lang='lat' dir='ltr'>mi-</span> 
     </span>
     <span class='ocr_line' id='line_1_14' title="bbox 226 2024 1420 2116; baseline 0 -25"><span class='ocrx_word' id='word_1_114' title='bbox 226 2024 370 2092; x_wconf 88' lang='lat' dir='ltr'>nistrari</span> <span class='ocrx_word' id='word_1_115' title='bbox 394 2032 580 2114; x_wconf 82' lang='lat' dir='ltr'>oporteret,</span> <span class='ocrx_word' id='word_1_116' title='bbox 601 2026 762 2094; x_wconf 86' lang='lat' dir='ltr'>conscius</span> <span class='ocrx_word' id='word_1_117' title='bbox 782 2025 849 2094; x_wconf 91' lang='lat' dir='ltr'>sibi</span> <span class='ocrx_word' id='word_1_118' title='bbox 871 2024 913 2094; x_wconf 89' lang='lat' dir='ltr'>de</span> <span class='ocrx_word' id='word_1_119' title='bbox 934 2031 1073 2116; x_wconf 89' lang='lat' dir='ltr'>peccato</span> <span class='ocrx_word' id='word_1_120' title='bbox 1097 2048 1172 2107; x_wconf 89' lang='lat' dir='ltr'>suo,</span> <span class='ocrx_word' id='word_1_121' title='bbox 1196 2024 1420 2094; x_wconf 83' lang='lat' dir='ltr'>vehementer</span> 
     </span>
     <span class='ocr_line' id='line_1_15' title="bbox 224 2139 1423 2233; baseline 0.002 -28"><span class='ocrx_word' id='word_1_122' title='bbox 224 2139 410 2233; x_wconf 78' lang='lat' dir='ltr'>ingemuit.</span> <span class='ocrx_word' id='word_1_123' title='bbox 432 2139 493 2209; x_wconf 89' lang='lat' dir='ltr'>Set</span> <span class='ocrx_word' id='word_1_124' title='bbox 511 2140 689 2209; x_wconf 90' lang='lat' dir='ltr'>conlidens</span> <span class='ocrx_word' id='word_1_125' title='bbox 708 2141 751 2210; x_wconf 91' lang='lat' dir='ltr'>de</span> <span class='ocrx_word' id='word_1_126' title='bbox 771 2142 833 2209; x_wconf 89' lang='lat' dir='ltr'>Dei</span> <span class='ocrx_word' id='word_1_127' title='bbox 858 2140 1100 2210; x_wconf 89' lang='lat' dir='ltr'>misericordia</span> <span class='ocrx_word' id='word_1_128' title='bbox 1121 2141 1163 2208; x_wconf 85' lang='lat' dir='ltr'>ad</span> <span class='ocrx_word' id='word_1_129' title='bbox 1184 2141 1423 2208; x_wconf 90' lang='lat' dir='ltr'>ministerium</span> 
     </span>
     <span class='ocr_line' id='line_1_16' title="bbox 223 2255 1422 2347; baseline 0.002 -25"><span class='ocrx_word' id='word_1_130' title='bbox 223 2278 326 2323; x_wconf 90' lang='lat' dir='ltr'>snum</span> <span class='ocrx_word' id='word_1_131' title='bbox 341 2255 499 2346; x_wconf 90' lang='lat' dir='ltr'>trepidus</span> <span class='ocrx_word' id='word_1_132' title='bbox 518 2258 675 2340; x_wconf 91' lang='lat' dir='ltr'>accessit,</span> <span class='ocrx_word' id='word_1_133' title='bbox 692 2265 727 2325; x_wconf 91' lang='lat' dir='ltr'>et</span> <span class='ocrx_word' id='word_1_134' title='bbox 744 2257 1030 2347; x_wconf 85' lang='lat' dir='ltr'>circumspiciens</span> <span class='ocrx_word' id='word_1_135' title='bbox 1045 2256 1132 2324; x_wconf 91' lang='lat' dir='ltr'>vidit</span> <span class='ocrx_word' id='word_1_136' title='bbox 1151 2262 1286 2346; x_wconf 87' lang='lat' dir='ltr'>patrem</span> <span class='ocrx_word' id='word_1_137' title='bbox 1306 2255 1422 2345; x_wconf 90' lang='lat' dir='ltr'>puelle</span> 
     </span>
     <span class='ocr_line' id='line_1_17' title="bbox 226 2371 1420 2463; baseline -0.001 -24"><span class='ocrx_word' id='word_1_138' title='bbox 226 2393 306 2440; x_wconf 89' lang='lat' dir='ltr'>cum</span> <span class='ocrx_word' id='word_1_139' title='bbox 329 2371 452 2439; x_wconf 91' lang='lat' dir='ltr'>multis</span> <span class='ocrx_word' id='word_1_140' title='bbox 471 2371 588 2440; x_wconf 90' lang='lat' dir='ltr'>ludeis</span> <span class='ocrx_word' id='word_1_141' title='bbox 607 2372 789 2441; x_wconf 89' lang='lat' dir='ltr'>ecclesiam</span> <span class='ocrx_word' id='word_1_142' title='bbox 809 2394 890 2442; x_wconf 91' lang='lat' dir='ltr'>cum</span> <span class='ocrx_word' id='word_1_143' title='bbox 910 2394 1038 2463; x_wconf 86' lang='lat' dir='ltr'>magno</span> <span class='ocrx_word' id='word_1_144' title='bbox 1057 2372 1191 2460; x_wconf 90' lang='lat' dir='ltr'>impetu</span> <span class='ocrx_word' id='word_1_145' title='bbox 1215 2372 1420 2455; x_wconf 87' lang='lat' dir='ltr'>intrantem,</span> 
     </span>
     <span class='ocr_line' id='line_1_18' title="bbox 222 2485 1419 2579; baseline -0.002 -24"><span class='ocrx_word' id='word_1_146' title='bbox 222 2493 257 2555; x_wconf 92' lang='lat' dir='ltr'>vt</span> <span class='ocrx_word' id='word_1_147' title='bbox 268 2487 384 2577; x_wconf 92' lang='lat' dir='ltr'>ipsum</span> <span class='ocrx_word' id='word_1_148' title='bbox 398 2509 515 2556; x_wconf 87' lang='lat' dir='ltr'>coram</span> <span class='ocrx_word' id='word_1_149' title='bbox 526 2488 687 2579; x_wconf 89' lang='lat' dir='ltr'>episcopo</span> <span class='ocrx_word' id='word_1_150' title='bbox 702 2494 737 2556; x_wconf 92' lang='lat' dir='ltr'>et</span> <span class='ocrx_word' id='word_1_151' title='bbox 747 2489 843 2556; x_wconf 92' lang='lat' dir='ltr'>omni</span> <span class='ocrx_word' id='word_1_152' title='bbox 857 2488 985 2578; x_wconf 91' lang='lat' dir='ltr'>populo</span> <span class='ocrx_word' id='word_1_153' title='bbox 997 2486 1134 2577; x_wconf 89' lang='lat' dir='ltr'>publice</span> <span class='ocrx_word' id='word_1_154' title='bbox 1147 2485 1419 2576; x_wconf 82' lang='lat' dir='ltr'>detestaret[ur],</span> 
     </span>
     <span class='ocr_line' id='line_1_19' title="bbox 219 2601 1422 2695; baseline -0.001 -24"><span class='ocrx_word' id='word_1_155' title='bbox 219 2609 254 2671; x_wconf 92' lang='lat' dir='ltr'>et</span> <span class='ocrx_word' id='word_1_156' title='bbox 266 2610 304 2670; x_wconf 89' lang='lat' dir='ltr'>vt</span> <span class='ocrx_word' id='word_1_157' title='bbox 317 2613 499 2695; x_wconf 90' lang='lat' dir='ltr'>peccatum</span> <span class='ocrx_word' id='word_1_158' title='bbox 518 2626 623 2672; x_wconf 89' lang='lat' dir='ltr'>suum</span> <span class='ocrx_word' id='word_1_159' title='bbox 636 2626 753 2672; x_wconf 86' lang='lat' dir='ltr'>coram</span> <span class='ocrx_word' id='word_1_160' title='bbox 768 2601 934 2672; x_wconf 91' lang='lat' dir='ltr'>omnibus</span> <span class='ocrx_word' id='word_1_161' title='bbox 954 2603 1196 2672; x_wconf 82' lang='lat' dir='ltr'>manifestaret</span> <span class='ocrx_word' id='word_1_162' title='bbox 1210 2603 1308 2670; x_wconf 87' lang='lat' dir='ltr'>etsie</span> <span class='ocrx_word' id='word_1_163' title='bbox 1323 2602 1422 2691; x_wconf 90' lang='lat' dir='ltr'>peni-</span> 
     </span>
     <span class='ocr_line' id='line_1_20' title="bbox 223 2716 1420 2802; baseline -0.003 -15"><span class='ocrx_word' id='word_1_164' title='bbox 223 2725 278 2786; x_wconf 85' lang='lat' dir='ltr'>tus</span> <span class='ocrx_word' id='word_1_165' title='bbox 296 2741 380 2787; x_wconf 87' lang='lat' dir='ltr'>eum</span> <span class='ocrx_word' id='word_1_166' title='bbox 399 2719 641 2788; x_wconf 87' lang='lat' dir='ltr'>confunderet.</span> <span class='ocrx_word' id='word_1_167' title='bbox 663 2719 722 2788; x_wconf 88' lang='lat' dir='ltr'>Set</span> <span class='ocrx_word' id='word_1_168' title='bbox 740 2719 800 2788; x_wconf 90' lang='lat' dir='ltr'>ille</span> <span class='ocrx_word' id='word_1_169' title='bbox 819 2720 1021 2802; x_wconf 91' lang='lat' dir='ltr'>canonicus,</span> <span class='ocrx_word' id='word_1_170' title='bbox 1044 2725 1079 2786; x_wconf 89' lang='lat' dir='ltr'>vt</span> <span class='ocrx_word' id='word_1_171' title='bbox 1099 2717 1198 2800; x_wconf 92' lang='lat' dir='ltr'>vidit,</span> <span class='ocrx_word' id='word_1_172' title='bbox 1216 2716 1317 2786; x_wconf 90' lang='lat' dir='ltr'>corde</span> <span class='ocrx_word' id='word_1_173' title='bbox 1336 2739 1420 2785; x_wconf 91' lang='lat' dir='ltr'>con·</span> 
     </span>
     <span class='ocr_line' id='line_1_21' title="bbox 218 2833 1418 2926; baseline -0.002 -25"><span class='ocrx_word' id='word_1_174' title='bbox 218 2833 333 2917; x_wconf 88' lang='lat' dir='ltr'>tritus,</span> <span class='ocrx_word' id='word_1_175' title='bbox 346 2834 466 2903; x_wconf 91' lang='lat' dir='ltr'>oeulos</span> <span class='ocrx_word' id='word_1_176' title='bbox 480 2834 523 2903; x_wconf 90' lang='lat' dir='ltr'>ad</span> <span class='ocrx_word' id='word_1_177' title='bbox 538 2835 653 2905; x_wconf 90' lang='lat' dir='ltr'>celum</span> <span class='ocrx_word' id='word_1_178' title='bbox 669 2836 792 2918; x_wconf 84' lang='lat' dir='ltr'>erexit,</span> <span class='ocrx_word' id='word_1_179' title='bbox 803 2842 838 2904; x_wconf 91' lang='lat' dir='ltr'>et</span> <span class='ocrx_word' id='word_1_180' title='bbox 852 2857 932 2904; x_wconf 90' lang='lat' dir='ltr'>cum</span> <span class='ocrx_word' id='word_1_181' title='bbox 947 2836 1081 2926; x_wconf 88' lang='lat' dir='ltr'>gemitu</span> <span class='ocrx_word' id='word_1_182' title='bbox 1096 2833 1263 2902; x_wconf 86' lang='lat' dir='ltr'>aChristo</span> <span class='ocrx_word' id='word_1_183' title='bbox 1278 2834 1418 2900; x_wconf 85' lang='lat' dir='ltr'>veniam</span> 
     </span>
     <span class='ocr_line' id='line_1_22' title="bbox 219 2949 1416 3040; baseline -0.001 -24"><span class='ocrx_word' id='word_1_184' title='bbox 219 2949 422 3039; x_wconf 84' lang='lat' dir='ltr'>postulauit,</span> <span class='ocrx_word' id='word_1_185' title='bbox 432 2951 640 3040; x_wconf 87' lang='lat' dir='ltr'>promittens</span> <span class='ocrx_word' id='word_1_186' title='bbox 651 2974 687 3019; x_wconf 93' lang='lat' dir='ltr'>se</span> <span class='ocrx_word' id='word_1_187' title='bbox 702 2950 745 3020; x_wconf 92' lang='lat' dir='ltr'>de</span> <span class='ocrx_word' id='word_1_188' title='bbox 760 2958 887 3033; x_wconf 88' lang='lat' dir='ltr'>cetero,</span> <span class='ocrx_word' id='word_1_189' title='bbox 900 2950 984 3019; x_wconf 92' lang='lat' dir='ltr'>dum</span> <span class='ocrx_word' id='word_1_190' title='bbox 1001 2952 1037 3017; x_wconf 94' lang='lat' dir='ltr'>in</span> <span class='ocrx_word' id='word_1_191' title='bbox 1054 2949 1120 3019; x_wconf 91' lang='lat' dir='ltr'>hoc</span> <span class='ocrx_word' id='word_1_192' title='bbox 1135 2949 1254 3018; x_wconf 89' lang='lat' dir='ltr'>seculo</span> <span class='ocrx_word' id='word_1_193' title='bbox 1268 2950 1416 3032; x_wconf 72' lang='lat' dir='ltr'>uiueret,</span> 
     </span>
     <span class='ocr_line' id='line_1_23' title="bbox 218 3064 1418 3158; baseline -0.001 -25"><span class='ocrx_word' id='word_1_194' title='bbox 218 3064 394 3134; x_wconf 88' lang='lat' dir='ltr'>mediante</span> <span class='ocrx_word' id='word_1_195' title='bbox 406 3066 465 3134; x_wconf 89' lang='lat' dir='ltr'>Dei</span> <span class='ocrx_word' id='word_1_196' title='bbox 482 3067 606 3158; x_wconf 86' lang='lat' dir='ltr'>gratia,</span> <span class='ocrx_word' id='word_1_197' title='bbox 619 3066 684 3135; x_wconf 88' lang='lat' dir='ltr'>soli</span> <span class='ocrx_word' id='word_1_198' title='bbox 701 3067 767 3156; x_wconf 92' lang='lat' dir='ltr'>ipsi</span> <span class='ocrx_word' id='word_1_199' title='bbox 783 3089 859 3135; x_wconf 92' lang='lat' dir='ltr'>esse</span> <span class='ocrx_word' id='word_1_200' title='bbox 870 3068 1099 3135; x_wconf 89' lang='lat' dir='ltr'>seruiturum.</span> <span class='ocrx_word' id='word_1_201' title='bbox 1112 3065 1200 3134; x_wconf 91' lang='lat' dir='ltr'>Mira</span> <span class='ocrx_word' id='word_1_202' title='bbox 1214 3088 1281 3148; x_wconf 88' lang='lat' dir='ltr'>res,</span> <span class='ocrx_word' id='word_1_203' title='bbox 1294 3086 1418 3133; x_wconf 88' lang='lat' dir='ltr'>omnes</span> 
     </span>
     <span class='ocr_line' id='line_1_24' title="bbox 217 3180 1417 3274; baseline 0 -26"><span class='ocrx_word' id='word_1_204' title='bbox 217 3181 269 3249; x_wconf 93' lang='lat' dir='ltr'>illi</span> <span class='ocrx_word' id='word_1_205' title='bbox 292 3180 389 3250; x_wconf 90' lang='lat' dir='ltr'>ludei</span> <span class='ocrx_word' id='word_1_206' title='bbox 415 3182 579 3273; x_wconf 87' lang='lat' dir='ltr'>episcopo</span> <span class='ocrx_word' id='word_1_207' title='bbox 604 3190 805 3267; x_wconf 80' lang='lat' dir='ltr'>accurnrnt,</span> <span class='ocrx_word' id='word_1_208' title='bbox 835 3190 870 3251; x_wconf 91' lang='lat' dir='ltr'>et</span> <span class='ocrx_word' id='word_1_209' title='bbox 893 3181 1043 3274; x_wconf 91' lang='lat' dir='ltr'>quilibet</span> <span class='ocrx_word' id='word_1_210' title='bbox 1066 3204 1187 3250; x_wconf 92' lang='lat' dir='ltr'>eorum</span> <span class='ocrx_word' id='word_1_211' title='bbox 1216 3203 1275 3250; x_wconf 87' lang='lat' dir='ltr'>ore</span> <span class='ocrx_word' id='word_1_212' title='bbox 1297 3185 1417 3273; x_wconf 89' lang='lat' dir='ltr'>aperto</span> 
     </span>
     <span class='ocr_line' id='line_1_25' title="bbox 215 3296 1416 3389; baseline -0.002 -24"><span class='ocrx_word' id='word_1_213' title='bbox 215 3319 333 3366; x_wconf 86' lang='lat' dir='ltr'>coram</span> <span class='ocrx_word' id='word_1_214' title='bbox 353 3298 514 3388; x_wconf 92' lang='lat' dir='ltr'>episcopo</span> <span class='ocrx_word' id='word_1_215' title='bbox 538 3296 712 3380; x_wconf 89' lang='lat' dir='ltr'>inhiabat;</span> <span class='ocrx_word' id='word_1_216' title='bbox 736 3305 789 3367; x_wconf 91' lang='lat' dir='ltr'>set</span> <span class='ocrx_word' id='word_1_217' title='bbox 814 3299 876 3367; x_wconf 89' lang='lat' dir='ltr'>Dei</span> <span class='ocrx_word' id='word_1_218' title='bbox 897 3297 1125 3389; x_wconf 86' lang='lat' dir='ltr'>prouidencia</span> <span class='ocrx_word' id='word_1_219' title='bbox 1152 3297 1274 3365; x_wconf 89' lang='lat' dir='ltr'>nullus</span> <span class='ocrx_word' id='word_1_220' title='bbox 1293 3317 1416 3364; x_wconf 89' lang='lat' dir='ltr'>eorum</span> 
     </span>
     <span class='ocr_line' id='line_1_26' title="bbox 214 3412 1417 3504; baseline -0.002 -23"><span class='ocrx_word' id='word_1_221' title='bbox 214 3412 358 3503; x_wconf 88' lang='lat' dir='ltr'>aliquod</span> <span class='ocrx_word' id='word_1_222' title='bbox 376 3412 523 3481; x_wconf 88' lang='lat' dir='ltr'>verbnm</span> <span class='ocrx_word' id='word_1_223' title='bbox 543 3414 703 3482; x_wconf 91' lang='lat' dir='ltr'>emittere</span> <span class='ocrx_word' id='word_1_224' title='bbox 721 3414 777 3482; x_wconf 82' lang='lat' dir='ltr'>vel</span> <span class='ocrx_word' id='word_1_225' title='bbox 798 3413 1030 3504; x_wconf 87' lang='lat' dir='ltr'>pronunciare</span> <span class='ocrx_word' id='word_1_226' title='bbox 1050 3412 1201 3497; x_wconf 89' lang='lat' dir='ltr'>valebat,</span> <span class='ocrx_word' id='word_1_227' title='bbox 1224 3422 1277 3483; x_wconf 89' lang='lat' dir='ltr'>set</span> <span class='ocrx_word' id='word_1_228' title='bbox 1294 3434 1417 3481; x_wconf 90' lang='lat' dir='ltr'>omnes</span> 
     </span>
     <span class='ocr_line' id='line_1_27' title="bbox 216 3527 1414 3621; baseline -0.002 -25"><span class='ocrx_word' id='word_1_229' title='bbox 216 3530 318 3618; x_wconf 88' lang='lat' dir='ltr'>quasi</span> <span class='ocrx_word' id='word_1_230' title='bbox 337 3528 498 3620; x_wconf 79' lang='lat' dir='ltr'>elingues</span> <span class='ocrx_word' id='word_1_231' title='bbox 518 3530 555 3597; x_wconf 95' lang='lat' dir='ltr'>in</span> <span class='ocrx_word' id='word_1_232' title='bbox 575 3536 763 3620; x_wconf 89' lang='lat' dir='ltr'>conspectu</span> <span class='ocrx_word' id='word_1_233' title='bbox 783 3531 904 3621; x_wconf 92' lang='lat' dir='ltr'>populi</span> <span class='ocrx_word' id='word_1_234' title='bbox 924 3529 1074 3598; x_wconf 90' lang='lat' dir='ltr'>stabant.</span> <span class='ocrx_word' id='word_1_235' title='bbox 1098 3527 1198 3597; x_wconf 91' lang='lat' dir='ltr'>Vnde</span> <span class='ocrx_word' id='word_1_236' title='bbox 1219 3530 1414 3618; x_wconf 89' lang='lat' dir='ltr'>episcopus,</span> 
     </span>
     <span class='ocr_line' id='line_1_28' title="bbox 214 3644 1418 3736; baseline -0.003 -22"><span class='ocrx_word' id='word_1_237' title='bbox 214 3645 385 3714; x_wconf 82' lang='lat' dir='ltr'>estimans</span> <span class='ocrx_word' id='word_1_238' title='bbox 405 3645 498 3736; x_wconf 89' lang='lat' dir='ltr'>ipsos</span> <span class='ocrx_word' id='word_1_239' title='bbox 513 3646 550 3713; x_wconf 94' lang='lat' dir='ltr'>in</span> <span class='ocrx_word' id='word_1_240' title='bbox 565 3645 795 3736; x_wconf 92' lang='lat' dir='ltr'>opprobrium</span> <span class='ocrx_word' id='word_1_241' title='bbox 810 3645 890 3715; x_wconf 90' lang='lat' dir='ltr'>fidei</span> <span class='ocrx_word' id='word_1_242' title='bbox 908 3645 1098 3714; x_wconf 88' lang='lat' dir='ltr'>christiane</span> <span class='ocrx_word' id='word_1_243' title='bbox 1114 3644 1313 3727; x_wconf 91' lang='lat' dir='ltr'>aduenisse,</span> <span class='ocrx_word' id='word_1_244' title='bbox 1330 3649 1365 3711; x_wconf 93' lang='lat' dir='ltr'>et</span> <span class='ocrx_word' id='word_1_245' title='bbox 1380 3648 1418 3710; x_wconf 88' lang='lat' dir='ltr'>vt</span> 
     </span>
     <span class='ocr_line' id='line_1_29' title="bbox 213 3742 1415 3852; baseline -0.002 -25"><span class='ocrx_word' id='word_1_246' title='bbox 213 3759 336 3829; x_wconf 90' lang='lat' dir='ltr'>diuina</span> <span class='ocrx_word' id='word_1_247' title='bbox 362 3759 528 3851; x_wconf 84' lang='lat' dir='ltr'>obsequia</span> <span class='ocrx_word' id='word_1_248' title='bbox 561 3759 785 3852; x_wconf 88' lang='lat' dir='ltr'>impedirent,</span> <span class='ocrx_word' id='word_1_249' title='bbox 819 3762 1038 3833; x_wconf 90' lang='lat' dir='ltr'>commonuit</span> <span class='ocrx_word' id='word_1_250' title='bbox 1072 3782 1214 3829; x_wconf 89' lang='lat' dir='ltr'>omnem</span> <span class='ocrx_word' id='word_1_251' title='bbox 1246 3742 1415 3850; x_wconf 85' lang='lat' dir='ltr'>populum</span> 
     </span>
     <span class='ocr_line' id='line_1_30' title="bbox 213 3874 1413 3965; baseline -0.002 -21"><span class='ocrx_word' id='word_1_252' title='bbox 213 3874 446 3944; x_wconf 88' lang='lat' dir='ltr'>christianum</span> <span class='ocrx_word' id='word_1_253' title='bbox 461 3874 572 3945; x_wconf 90' lang='lat' dir='ltr'>dictos</span> <span class='ocrx_word' id='word_1_254' title='bbox 581 3877 785 3945; x_wconf 86' lang='lat' dir='ltr'>temerarios</span> <span class='ocrx_word' id='word_1_255' title='bbox 800 3876 924 3945; x_wconf 89' lang='lat' dir='ltr'>ludeos</span> <span class='ocrx_word' id='word_1_256' title='bbox 934 3883 1032 3946; x_wconf 86' lang='lat' dir='ltr'>extra</span> <span class='ocrx_word' id='word_1_257' title='bbox 1045 3876 1228 3945; x_wconf 90' lang='lat' dir='ltr'>ecclesiam</span> <span class='ocrx_word' id='word_1_258' title='bbox 1239 3875 1413 3965; x_wconf 79' lang='lat' dir='ltr'>effugare3</span> 
     </span>
     <span class='ocr_line' id='line_1_31' title="bbox 215 3989 1415 4082; baseline -0.003 -22"><span class='ocrx_word' id='word_1_259' title='bbox 215 3990 309 4082; x_wconf 90' lang='lat' dir='ltr'>quod</span> <span class='ocrx_word' id='word_1_260' title='bbox 329 3996 364 4060; x_wconf 88' lang='lat' dir='ltr'>et</span> <span class='ocrx_word' id='word_1_261' title='bbox 387 3992 518 4061; x_wconf 86' lang='lat' dir='ltr'>lactum</span> <span class='ocrx_word' id='word_1_262' title='bbox 538 3998 602 4061; x_wconf 88' lang='lat' dir='ltr'>est.</span> <span class='ocrx_word' id='word_1_263' title='bbox 625 3991 725 4073; x_wconf 85' lang='lat' dir='ltr'>Quod</span> <span class='ocrx_word' id='word_1_264' title='bbox 746 3993 958 4061; x_wconf 86' lang='lat' dir='ltr'>miraculum</span> <span class='ocrx_word' id='word_1_265' title='bbox 977 3992 1113 4075; x_wconf 88' lang='lat' dir='ltr'>videns,</span> <span class='ocrx_word' id='word_1_266' title='bbox 1135 3992 1325 4061; x_wconf 84' lang='lat' dir='ltr'>canonicus</span> <span class='ocrx_word' id='word_1_267' title='bbox 1344 3989 1415 4057; x_wconf 87' lang='lat' dir='ltr'>Deo</span> 
     </span>
     <span class='ocr_line' id='line_1_32' title="bbox 215 4105 1418 4199; baseline -0.002 -24"><span class='ocrx_word' id='word_1_268' title='bbox 215 4108 347 4198; x_wconf 79' lang='lat' dir='ltr'>gratias</span> <span class='ocrx_word' id='word_1_269' title='bbox 373 4105 525 4176; x_wconf 91' lang='lat' dir='ltr'>reddidit</span> <span class='ocrx_word' id='word_1_270' title='bbox 551 4114 586 4175; x_wconf 91' lang='lat' dir='ltr'>et</span> <span class='ocrx_word' id='word_1_271' title='bbox 610 4108 731 4177; x_wconf 87' lang='lat' dir='ltr'>omnia</span> <span class='ocrx_word' id='word_1_272' title='bbox 756 4109 955 4177; x_wconf 90' lang='lat' dir='ltr'>lacrimanti</span> <span class='ocrx_word' id='word_1_273' title='bbox 980 4107 1141 4199; x_wconf 89' lang='lat' dir='ltr'>episcopo</span> <span class='ocrx_word' id='word_1_274' title='bbox 1170 4130 1232 4198; x_wconf 89' lang='lat' dir='ltr'>per</span> <span class='ocrx_word' id='word_1_275' title='bbox 1259 4105 1418 4175; x_wconf 90' lang='lat' dir='ltr'>ordinem</span> 
     </span>
     <span class='ocr_line' id='line_1_33' title="bbox 215 4221 1419 4315; baseline -0.002 -24"><span class='ocrx_word' id='word_1_276' title='bbox 215 4223 387 4291; x_wconf 84' lang='lat' dir='ltr'>narrauit.</span> <span class='ocrx_word' id='word_1_277' title='bbox 410 4221 477 4303; x_wconf 88' lang='lat' dir='ltr'>Qui</span> <span class='ocrx_word' id='word_1_278' title='bbox 501 4224 690 4312; x_wconf 88' lang='lat' dir='ltr'>perfectam</span> <span class='ocrx_word' id='word_1_279' title='bbox 717 4225 825 4293; x_wconf 79' lang='lat' dir='ltr'>vitam</span> <span class='ocrx_word' id='word_1_280' title='bbox 852 4223 953 4293; x_wconf 83' lang='lat' dir='ltr'>duxit</span> <span class='ocrx_word' id='word_1_281' title='bbox 974 4232 1093 4315; x_wconf 87' lang='lat' dir='ltr'>postea</span> <span class='ocrx_word' id='word_1_282' title='bbox 1115 4230 1150 4292; x_wconf 90' lang='lat' dir='ltr'>et</span> <span class='ocrx_word' id='word_1_283' title='bbox 1175 4223 1359 4292; x_wconf 84' lang='lat' dir='ltr'>honestam</span> <span class='ocrx_word' id='word_1_284' title='bbox 1379 4243 1419 4289; x_wconf 92' lang='lat' dir='ltr'>ac</span> 
     </span>
     <span class='ocr_line' id='line_1_34' title="bbox 216 4337 1420 4429; baseline -0.002 -22"><span class='ocrx_word' id='word_1_285' title='bbox 216 4337 346 4407; x_wconf 83' lang='lat' dir='ltr'>dictam</span> <span class='ocrx_word' id='word_1_286' title='bbox 363 4338 518 4429; x_wconf 90' lang='lat' dir='ltr'>puellam</span> <span class='ocrx_word' id='word_1_287' title='bbox 535 4338 576 4407; x_wconf 86' lang='lat' dir='ltr'>ad</span> <span class='ocrx_word' id='word_1_288' title='bbox 594 4338 698 4408; x_wconf 84' lang='lat' dir='ltr'>fidem</span> <span class='ocrx_word' id='word_1_289' title='bbox 717 4340 847 4410; x_wconf 88' lang='lat' dir='ltr'>Christi</span> <span class='ocrx_word' id='word_1_290' title='bbox 863 4341 1038 4409; x_wconf 90' lang='lat' dir='ltr'>conuertit</span> <span class='ocrx_word' id='word_1_291' title='bbox 1051 4348 1085 4409; x_wconf 92' lang='lat' dir='ltr'>et</span> <span class='ocrx_word' id='word_1_292' title='bbox 1099 4338 1306 4429; x_wconf 86' lang='lat' dir='ltr'>baptizatam</span> <span class='ocrx_word' id='word_1_293' title='bbox 1321 4359 1420 4406; x_wconf 90' lang='lat' dir='ltr'>sanc-</span> 
     </span>
     <span class='ocr_line' id='line_1_35' title="bbox 215 4453 1420 4545; baseline -0.001 -23"><span class='ocrx_word' id='word_1_294' title='bbox 215 4453 436 4523; x_wconf 87' lang='lat' dir='ltr'>timonialem</span> <span class='ocrx_word' id='word_1_295' title='bbox 457 4454 554 4536; x_wconf 84' lang='lat' dir='ltr'>iecit;</span> <span class='ocrx_word' id='word_1_296' title='bbox 579 4455 679 4523; x_wconf 90' lang='lat' dir='ltr'>cuius</span> <span class='ocrx_word' id='word_1_297' title='bbox 699 4456 770 4524; x_wconf 89' lang='lat' dir='ltr'>vita</span> <span class='ocrx_word' id='word_1_298' title='bbox 785 4456 901 4525; x_wconf 86' lang='lat' dir='ltr'>extitit</span> <span class='ocrx_word' id='word_1_299' title='bbox 915 4454 1103 4525; x_wconf 86' lang='lat' dir='ltr'>laudabilis</span> <span class='ocrx_word' id='word_1_300' title='bbox 1118 4457 1275 4545; x_wconf 91' lang='lat' dir='ltr'>vtrisque</span> <span class='ocrx_word' id='word_1_301' title='bbox 1289 4454 1420 4525; x_wconf 87' lang='lat' dir='ltr'>animis</span> 
     </span>
     <span class='ocr_line' id='line_1_36' title="bbox 216 4569 705 4640; baseline 0.004 -3"><span class='ocrx_word' id='word_1_302' title='bbox 216 4569 254 4638; x_wconf 92' lang='lat' dir='ltr'>in</span> <span class='ocrx_word' id='word_1_303' title='bbox 268 4570 339 4639; x_wconf 88' lang='lat' dir='ltr'>fine</span> <span class='ocrx_word' id='word_1_304' title='bbox 354 4570 426 4638; x_wconf 85' lang='lat' dir='ltr'>Deo</span> <span class='ocrx_word' id='word_1_305' title='bbox 440 4569 705 4640; x_wconf 88' lang='lat' dir='ltr'>commendatis.</span> 
     </span>
    </p>
   </div>
   <div class='ocr_carea' id='block_1_3' title="bbox 0 0 1640 5626">
    <p class='ocr_par' dir='ltr' id='par_1_3' title="bbox 0 0 1640 5626">
     <span class='ocr_line' id='line_1_37' title="bbox 0 0 1640 5626; baseline 0 5"><span class='ocrx_word' id='word_1_306' title='bbox 0 0 1640 5626; x_wconf 95' lang='lat' dir='ltr'> </span> 
     </span>
    </p>
   </div>
  </div>
 </body>
</html>
