3270 5626
614 474 848 526 COLLECTIO
877 475 1017 526 PRIMA.

333 753 373 808 rx
402 722 536 822 (xciiii.
565 782 601 791 -
630 753 679 806 oe
709 752 875 816 Quooau
904 752 1063 809 sonoro
1087 752 1295 808 uenerias

576 850 735 906 verare
764 850 929 906 morros
959 849 1058 907 suos

392 947 440 1002 oe
469 946 632 1003 clusin
661 947 983 1004 roanrcacrours
1012 947 1232 1003 ruminor.
1270 939 1275 949 ·

282 1178 432 1260 Quidam
454 1185 529 1247 erat
547 1177 731 1260 heremita,
749 1180 850 1257 cuius
869 1178 1043 1247 habitacio
1063 1200 1084 1246 a
1103 1177 1254 1269 quadam
1273 1179 1416 1247 ciuitate

214 1319 285 1363 nou
314 1295 467 1363 multum
491 1294 652 1363 distabat.
680 1294 791 1375 Quam
822 1317 902 1384 sepe
932 1293 1145 1386 ingrediens,
1177 1294 1322 1362 verbum
1354 1295 1416 1363 Dei

215 1410 342 1501 populo
358 1408 558 1500 predicabat
576 1411 738 1499 precipue
758 1419 879 1478 contra
891 1411 1023 1478 vicium
1039 1409 1191 1491 luxurie,
1208 1433 1228 1477 a
1243 1432 1324 1501 qua,
1343 1432 1417 1478 ma-

215 1526 333 1594 diante
350 1526 411 1593 Dei
426 1526 555 1617 gracia,
573 1525 703 1593 multos
720 1526 910 1593 reuocauit.
928 1525 991 1593 Cui
1007 1524 1150 1616 quidam
1164 1525 1310 1594 lenones
1326 1527 1417 1593 inui-

215 1641 342 1710 debant
357 1648 391 1708 et
406 1642 498 1708 fame
514 1663 575 1708 sue
591 1640 812 1730 splendorem
828 1641 1010 1709 obfuscare
1027 1641 1279 1731 proponebant,
1292 1647 1417 1709 etcon-

215 1759 335 1826 silium
358 1756 515 1825 inierunt
536 1763 573 1823 vt
594 1757 784 1847 quamdam
810 1757 1050 1839 macuculam,
1068 1759 1169 1848 quasi
1196 1756 1311 1826 media
1330 1755 1417 1825 hora

214 1874 340 1955 noctis,
358 1870 401 1940 ad
416 1878 534 1962 portas
549 1873 626 1940 eius
641 1873 761 1940 sedere
777 1874 932 1940 facerent
945 1879 979 1939 ot
990 1872 1154 1954 clamare,
1171 1881 1207 1940 vt
1220 1871 1257 1940 in
1272 1873 1416 1941 domurn

214 2011 315 2057 suam
329 1989 555 2080 reciperetur.
573 1988 672 2069 Quod
693 1990 741 2056 ita
759 1989 892 2056 factum
908 1994 972 2056 est.
994 1989 1185 2070 Heremita,
1200 2011 1321 2057 vocem
1337 2011 1415 2056 mu-

214 2106 313 2172 lieris
325 2102 470 2172 audiens
486 2110 520 2171 et
534 2105 662 2193 pietate
677 2111 886 2186 commotus,
898 2105 1009 2192 ipsam
1025 2102 1160 2195 ingredi
1177 2102 1316 2172 iubebat
1332 2102 1414 2171 etin

215 2220 319 2289 domo
335 2242 398 2287 sua
418 2217 620 2308 recipiebat.
635 2220 710 2301 Que
731 2242 812 2286 cum
833 2219 881 2286 ibi
903 2225 993 2286 esset
1013 2225 1047 2287 et
1065 2219 1121 2286 vir
1139 2225 1280 2288 sanctus
1300 2219 1337 2286 in
1352 2242 1416 2287 suo

215 2335 384 2417 thalamo,
409 2333 638 2416 exclamabat,
659 2334 779 2402 dicens
802 2358 838 2402 se
868 2337 994 2402 timore
1020 2335 1226 2426 perterlrhri
1246 2357 1318 2402 non
1342 2357 1417 2403 mo-

214 2450 305 2520 dico.
319 2450 432 2531 Quam
446 2450 502 2517 vir
517 2450 716 2518 misericors
735 2451 772 2517 in
788 2472 961 2519 cameram
977 2472 1077 2517 suam
1091 2450 1233 2540 recepit,
1251 2456 1286 2517 et
1297 2451 1415 2518 statim

214 2565 379 2635 incendio
394 2565 534 2634 luxurie
550 2564 778 2646 excitabatur,
801 2571 835 2633 et
855 2565 921 2633 sibi
937 2565 1004 2654 ipsi
1021 2564 1115 2657 quod
1131 2566 1293 2656 sequitur
1307 2565 1413 2634 dixit:

214 2682 241 2750 Ο
255 2683 365 2750 miser
379 2688 414 2749 et
428 2682 637 2764 miserrime,
660 2687 781 2749 contra
799 2681 1008 2769 spurciciam
1025 2681 1165 2749 luxurie
1182 2703 1322 2770 semper
1340 2703 1415 2771 pre·

212 2796 351 2879 dicasti,
372 2796 490 2866 dicens
512 2795 605 2886 quod
626 2796 769 2864 lenones
790 2798 871 2887 igno
888 2795 1079 2887 gehennali
1102 2803 1219 2865 essent
1241 2797 1415 2887 imperpe-

213 2921 315 2981 tuum
336 2910 580 2993 comburendi;
598 2911 717 2980 videas
742 2913 853 3001 primo
878 2912 907 2978 si
933 2913 1013 3002 igne
1034 2913 1195 2996 seculari,
1220 2913 1281 3002 qui
1302 2911 1415 2981 multo

214 3028 377 3119 frigidior
395 3034 460 3110 est,
477 3027 635 3096 comburi
663 3028 734 3117 pati
755 3028 897 3117 poteris.
920 3027 963 3095 Et
982 3028 1026 3096 ad
1045 3027 1228 3096 candelam
1249 3027 1413 3118 pollicem

215 3145 358 3213 sinistre
387 3165 513 3211 manus
533 3165 614 3211 cum
644 3142 763 3233 digitis
789 3143 1035 3211 colateralibus
1065 3144 1261 3235 porrigens,
1291 3166 1415 3211 omnes

216 3260 288 3328 fere
311 3260 452 3327 flamma
475 3258 695 3347 consumpsit
714 3281 774 3348 pre
797 3258 956 3327 libidinis
977 3258 1115 3327 feruore
1137 3259 1208 3348 (fol.
1233 3260 1287 3348 12)
1311 3260 1413 3349 quasi

216 3398 289 3442 non
305 3375 477 3443 senciens.
496 3374 572 3456 Quo
588 3374 680 3442 facto
691 3374 916 3442 fabricatores
932 3375 1079 3443 sceleres
1095 3374 1170 3465 (ric)
1187 3373 1312 3442 hostiis
1327 3375 1417 3442 frac-

216 3490 262 3558 tis
277 3488 483 3572 introibant,
501 3489 617 3557 virum
638 3488 697 3556 diu
717 3491 845 3558 acriter
864 3489 1171 3579 reprehendentes.
1187 3489 1322 3572 Quibus
1342 3511 1417 3556 ma-

216 3628 304 3673 num
327 3603 544 3674 combustam
563 3604 779 3686 ostendebat,
798 3612 832 3673 et
851 3604 917 3673 hoc
932 3605 1103 3688 videntes,
1125 3605 1168 3673 ad
1192 3612 1320 3673 terram
1337 3627 1416 3694 pro-

217 3722 478 3806 strati,veniam
494 3720 708 3810 flagitabant,
723 3726 926 3789 enarrantes
942 3744 1016 3789 rem
1032 3728 1066 3789 et
1080 3722 1130 3789 rei
1141 3742 1298 3802 causam;
1312 3727 1357 3802 et,
1370 3718 1413 3787 ad

218 3835 445 3906 iuuenculam
466 3836 660 3915 venientes,
683 3858 760 3903 cam
780 3838 978 3904 exanimem
998 3836 1223 3919 inuenerunt,
1242 3841 1277 3903 ot
1297 3834 1416 3902 dolore

217 3952 374 4043 percussi
389 3974 451 4041 pro
466 3974 503 4019 se
519 3957 555 4019 et
570 3974 631 4040 pro
651 3952 770 4019 anima
790 3952 919 4041 puelle,
937 3953 1053 4021 virum
1067 3951 1129 4020 Dei
1149 3949 1417 4058 lacrimabiliter

217 4066 432 4159 flagitabant,
458 4073 495 4135 vt
520 4067 591 4134 illis
610 4067 793 4134 remittens
813 4073 947 4136 tantam
971 4068 1196 4157 iniquitatem
1217 4089 1278 4156 pro
1299 4065 1415 4158 puelle

218 4183 489 4252 resuscitacione
514 4181 692 4249 Christum
718 4181 975 4271 deprecaretur.
1000 4182 1042 4250 Et
1067 4184 1122 4250 vir
1148 4183 1221 4266 Dei,
1254 4181 1416 4272 precibus

216 4322 339 4367 corum
356 4297 603 4387 obtemporans
618 4297 706 4387 (sic),
727 4298 864 4381 orabat;
876 4304 921 4381 et,
933 4297 1174 4367 resuscitatam
1192 4297 1347 4387 puellam
1364 4298 1417 4364 vi-

216 4412 352 4498 dentes,
374 4412 625 4503 resipiscebant
644 4424 677 4480 ct
692 4413 990 4481 conuertebantur
1004 4412 1048 4482 ad
1064 4414 1268 4496 Dominum,
1286 4419 1352 4481 etc.
