<?xml version="1.0" encoding="UTF-8"?>
<!DOCTYPE html PUBLIC "-//W3C//DTD XHTML 1.0 Transitional//EN"
    "http://www.w3.org/TR/xhtml1/DTD/xhtml1-transitional.dtd">
<html xmlns="http://www.w3.org/1999/xhtml" xml:lang="en" lang="en">
 <head>
  <title>
</title>
<meta http-equiv="Content-Type" content="text/html;charset=utf-8" />
  <meta name='ocr-system' content='tesseract 3.04.00' />
  <meta name='ocr-capabilities' content='ocr_page ocr_carea ocr_par ocr_line ocrx_word'/>
</head>
<body>
  <div class='ocr_page' id='page_1' title='image "./lesfabulistesla00hervgoog_0449.png"; bbox 0 0 3270 5626; ppageno 0'>
   <div class='ocr_carea' id='block_1_1' title="bbox 727 531 1419 587">
    <p class='ocr_par' dir='ltr' id='par_1_1' title="bbox 727 531 1419 587">
     <span class='ocr_line' id='line_1_1' title="bbox 727 531 1419 587; baseline -0.003 -5"><span class='ocrx_word' id='word_1_1' title='bbox 727 531 910 587; x_wconf 77' lang='lat' dir='ltr'>FABULAE.</span> <span class='ocrx_word' id='word_1_2' title='bbox 947 554 951 559; x_wconf 94' lang='lat'><em>·</em></span> <span class='ocrx_word' id='word_1_3' title='bbox 1375 532 1419 582; x_wconf 66' lang='lat'>4³1</span> 
     </span>
    </p>
   </div>
   <div class='ocr_carea' id='block_1_2' title="bbox 218 670 1420 855">
    <p class='ocr_par' dir='ltr' id='par_1_2' title="bbox 218 670 1420 855">
     <span class='ocr_line' id='line_1_2' title="bbox 283 670 1420 762; baseline 0.003 -24"><span class='ocrx_word' id='word_1_4' title='bbox 283 670 383 739; x_wconf 84' lang='lat' dir='ltr'>Vnde</span> <span class='ocrx_word' id='word_1_5' title='bbox 403 670 537 739; x_wconf 84' lang='lat' dir='ltr'>&#39;l&#39;ullius</span> <span class='ocrx_word' id='word_1_6' title='bbox 565 672 656 742; x_wconf 86' lang='lat' dir='ltr'>libro</span> <span class='ocrx_word' id='word_1_7' title='bbox 682 674 725 744; x_wconf 88' lang='lat' dir='ltr'>de</span> <span class='ocrx_word' id='word_1_8' title='bbox 753 676 967 744; x_wconf 89' lang='lat' dir='ltr'>Paradoxis:</span> <span class='ocrx_word' id='word_1_9' title='bbox 994 675 1150 744; x_wconf 88' lang='lat' dir='ltr'>Libertas</span> <span class='ocrx_word' id='word_1_10' title='bbox 1177 679 1230 741; x_wconf 90' lang='lat' dir='ltr'>est</span> <span class='ocrx_word' id='word_1_11' title='bbox 1268 679 1420 762; x_wconf 88' lang='lat' dir='ltr'>potestas</span> 
     </span>
     <span class='ocr_line' id='line_1_3' title="bbox 218 785 529 855; baseline 0 -1"><span class='ocrx_word' id='word_1_12' title='bbox 218 785 364 855; x_wconf 77' lang='lat' dir='ltr'>uiuendi</span> <span class='ocrx_word' id='word_1_13' title='bbox 380 792 418 853; x_wconf 93' lang='lat' dir='ltr'>vt</span> <span class='ocrx_word' id='word_1_14' title='bbox 432 785 529 854; x_wconf 89' lang='lat' dir='ltr'>libet.</span> 
     </span>
    </p>
   </div>
   <div class='ocr_carea' id='block_1_3' title="bbox 398 1002 1243 1210">
    <p class='ocr_par' dir='ltr' id='par_1_3' title="bbox 398 1002 1243 1210">
     <span class='ocr_line' id='line_1_4' title="bbox 398 1002 1243 1074; baseline 0.004 -18"><span class='ocrx_word' id='word_1_15' title='bbox 398 1002 427 1056; x_wconf 87' lang='lat' dir='ltr'>L.</span> <span class='ocrx_word' id='word_1_16' title='bbox 454 1033 488 1042; x_wconf 94' lang='lat'><em>-</em></span> <span class='ocrx_word' id='word_1_17' title='bbox 511 1003 656 1074; x_wconf 68' lang='lat' dir='ltr'>[Liseus</span> <span class='ocrx_word' id='word_1_18' title='bbox 683 1004 731 1059; x_wconf 86' lang='grc' dir='ltr'>ΕΤ</span> <span class='ocrx_word' id='word_1_19' title='bbox 756 1005 914 1060; x_wconf 80' lang='lat' dir='ltr'>VULPES</span> <span class='ocrx_word' id='word_1_20' title='bbox 942 1005 981 1059; x_wconf 75' lang='grc' dir='ltr'>ΙΝ</span> <span class='ocrx_word' id='word_1_21' title='bbox 1010 1003 1243 1073; x_wconf 63' lang='lat' dir='ltr'>inuoluto]</span> 
     </span>
     <span class='ocr_line' id='line_1_5' title="bbox 665 1149 981 1210; baseline 0 -3"><span class='ocrx_word' id='word_1_22' title='bbox 665 1149 754 1210; x_wconf 77' lang='lat' dir='ltr'>Alta</span> <span class='ocrx_word' id='word_1_23' title='bbox 774 1152 820 1209; x_wconf 84' lang='lat' dir='ltr'>de</span> <span class='ocrx_word' id='word_1_24' title='bbox 841 1152 981 1209; x_wconf 86' lang='lat' dir='ltr'>eodem.</span> 
     </span>
    </p>
   </div>
   <div class='ocr_carea' id='block_1_4' title="bbox 216 1292 1425 3002">
    <p class='ocr_par' dir='ltr' id='par_1_4' title="bbox 216 1292 1425 3002">
     <span class='ocr_line' id='line_1_6' title="bbox 285 1292 1421 1388; baseline 0.002 -28"><span class='ocrx_word' id='word_1_25' title='bbox 285 1293 405 1383; x_wconf 89' lang='lat' dir='ltr'>Lupus</span> <span class='ocrx_word' id='word_1_26' title='bbox 429 1294 589 1363; x_wconf 88' lang='lat' dir='ltr'>obuiauit</span> <span class='ocrx_word' id='word_1_27' title='bbox 607 1295 726 1387; x_wconf 87' lang='lat' dir='ltr'>Vulpi,</span> <span class='ocrx_word' id='word_1_28' title='bbox 749 1296 868 1365; x_wconf 88' lang='lat' dir='ltr'>dicens</span> <span class='ocrx_word' id='word_1_29' title='bbox 887 1297 918 1364; x_wconf 83' lang='lat' dir='ltr'>ei</span> <span class='ocrx_word' id='word_1_30' title='bbox 938 1318 945 1363; x_wconf 94' lang='lat'>:</span> <span class='ocrx_word' id='word_1_31' title='bbox 965 1297 1127 1388; x_wconf 85' lang='lat' dir='ltr'>Magnam</span> <span class='ocrx_word' id='word_1_32' title='bbox 1147 1295 1278 1363; x_wconf 86' lang='lat' dir='ltr'>famam</span> <span class='ocrx_word' id='word_1_33' title='bbox 1296 1292 1421 1376; x_wconf 88' lang='lat' dir='ltr'>babeo,</span> 
     </span>
     <span class='ocr_line' id='line_1_7' title="bbox 217 1409 1423 1501; baseline 0.001 -26"><span class='ocrx_word' id='word_1_34' title='bbox 217 1431 285 1477; x_wconf 87' lang='lat' dir='ltr'>neo</span> <span class='ocrx_word' id='word_1_35' title='bbox 308 1410 379 1478; x_wconf 90' lang='lat' dir='ltr'>scio</span> <span class='ocrx_word' id='word_1_36' title='bbox 399 1409 458 1477; x_wconf 85' lang='lat' dir='ltr'>vbi</span> <span class='ocrx_word' id='word_1_37' title='bbox 479 1411 670 1501; x_wconf 87' lang='lat' dir='ltr'>quicquam</span> <span class='ocrx_word' id='word_1_38' title='bbox 701 1411 838 1500; x_wconf 90' lang='lat' dir='ltr'>predari</span> <span class='ocrx_word' id='word_1_39' title='bbox 863 1417 994 1500; x_wconf 88' lang='lat' dir='ltr'>potero.</span> <span class='ocrx_word' id='word_1_40' title='bbox 1020 1412 1083 1479; x_wconf 90' lang='lat' dir='ltr'>Cui</span> <span class='ocrx_word' id='word_1_41' title='bbox 1112 1410 1273 1501; x_wconf 83' lang='lat' dir='ltr'>Vulpes:</span> <span class='ocrx_word' id='word_1_42' title='bbox 1302 1410 1338 1479; x_wconf 89' lang='lat' dir='ltr'>Si</span> <span class='ocrx_word' id='word_1_43' title='bbox 1370 1410 1423 1476; x_wconf 80' lang='lat' dir='ltr'>vis</span> 
     </span>
     <span class='ocr_line' id='line_1_8' title="bbox 217 1525 1424 1618; baseline 0 -27"><span class='ocrx_word' id='word_1_44' title='bbox 217 1546 275 1592; x_wconf 91' lang='lat' dir='ltr'>me</span> <span class='ocrx_word' id='word_1_45' title='bbox 296 1526 410 1615; x_wconf 88' lang='lat' dir='ltr'>sequi,</span> <span class='ocrx_word' id='word_1_46' title='bbox 432 1527 517 1594; x_wconf 93' lang='lat' dir='ltr'>satis</span> <span class='ocrx_word' id='word_1_47' title='bbox 541 1525 705 1596; x_wconf 82' lang='lat' dir='ltr'>habunde</span> <span class='ocrx_word' id='word_1_48' title='bbox 736 1528 945 1596; x_wconf 87' lang='lat' dir='ltr'>reficiemur.</span> <span class='ocrx_word' id='word_1_49' title='bbox 973 1525 1164 1618; x_wconf 83' lang='lat' dir='ltr'>Respondit</span> <span class='ocrx_word' id='word_1_50' title='bbox 1185 1525 1332 1616; x_wconf 89' lang='lat' dir='ltr'><strong>Lupus:</strong></span> <span class='ocrx_word' id='word_1_51' title='bbox 1366 1525 1424 1591; x_wconf 92' lang='lat' dir='ltr'>Li-</span> 
     </span>
     <span class='ocr_line' id='line_1_9' title="bbox 218 1639 1425 1733; baseline -0.001 -25"><span class='ocrx_word' id='word_1_52' title='bbox 218 1639 343 1708; x_wconf 86' lang='lat' dir='ltr'>benter</span> <span class='ocrx_word' id='word_1_53' title='bbox 365 1662 503 1731; x_wconf 89' lang='lat' dir='ltr'>sequar.</span> <span class='ocrx_word' id='word_1_54' title='bbox 529 1641 659 1711; x_wconf 91' lang='lat' dir='ltr'>Eamus</span> <span class='ocrx_word' id='word_1_55' title='bbox 683 1644 806 1726; x_wconf 88' lang='lat' dir='ltr'>cicius,</span> <span class='ocrx_word' id='word_1_56' title='bbox 833 1644 917 1733; x_wconf 93' lang='lat' dir='ltr'>quia</span> <span class='ocrx_word' id='word_1_57' title='bbox 937 1642 1048 1710; x_wconf 85' lang='lat' dir='ltr'>fames</span> <span class='ocrx_word' id='word_1_58' title='bbox 1073 1664 1130 1709; x_wconf 88' lang='lat' dir='ltr'>me</span> <span class='ocrx_word' id='word_1_59' title='bbox 1149 1641 1293 1710; x_wconf 88' lang='lat' dir='ltr'>cruciat.</span> <span class='ocrx_word' id='word_1_60' title='bbox 1319 1640 1425 1709; x_wconf 85' lang='lat' dir='ltr'>Duxit</span> 
     </span>
     <span class='ocr_line' id='line_1_10' title="bbox 219 1754 1425 1848; baseline 0.002 -26"><span class='ocrx_word' id='word_1_61' title='bbox 219 1754 330 1847; x_wconf 86' lang='lat' dir='ltr'>igitur</span> <span class='ocrx_word' id='word_1_62' title='bbox 350 1778 431 1825; x_wconf 88' lang='lat' dir='ltr'>eum</span> <span class='ocrx_word' id='word_1_63' title='bbox 456 1756 588 1848; x_wconf 88' lang='lat' dir='ltr'>Vulpes</span> <span class='ocrx_word' id='word_1_64' title='bbox 613 1758 656 1826; x_wconf 94' lang='lat' dir='ltr'>ad</span> <span class='ocrx_word' id='word_1_65' title='bbox 681 1756 872 1827; x_wconf 88' lang='lat' dir='ltr'>lardarium</span> <span class='ocrx_word' id='word_1_66' title='bbox 895 1756 1078 1827; x_wconf 90' lang='lat' dir='ltr'>cuiusdam</span> <span class='ocrx_word' id='word_1_67' title='bbox 1098 1757 1234 1838; x_wconf 86' lang='lat' dir='ltr'>diuitis,</span> <span class='ocrx_word' id='word_1_68' title='bbox 1258 1766 1292 1824; x_wconf 87' lang='lat' dir='ltr'>et</span> <span class='ocrx_word' id='word_1_69' title='bbox 1318 1757 1425 1825; x_wconf 87' lang='lat' dir='ltr'>intrat</span> 
     </span>
     <span class='ocr_line' id='line_1_11' title="bbox 217 1851 1424 1964; baseline 0.002 -27"><span class='ocrx_word' id='word_1_70' title='bbox 217 1871 317 1960; x_wconf 89' lang='lat' dir='ltr'>prius</span> <span class='ocrx_word' id='word_1_71' title='bbox 334 1872 484 1962; x_wconf 86' lang='lat' dir='ltr'>ipseper</span> <span class='ocrx_word' id='word_1_72' title='bbox 502 1871 678 1963; x_wconf 80' lang='lat' dir='ltr'>quoddam</span> <span class='ocrx_word' id='word_1_73' title='bbox 691 1851 866 1954; x_wconf 77' lang='lat' dir='ltr'>foramen,¹</span> <span class='ocrx_word' id='word_1_74' title='bbox 880 1880 914 1941; x_wconf 92' lang='lat' dir='ltr'>et</span> <span class='ocrx_word' id='word_1_75' title='bbox 930 1874 1047 1964; x_wconf 91' lang='lat' dir='ltr'>Lupus</span> <span class='ocrx_word' id='word_1_76' title='bbox 1063 1878 1140 1962; x_wconf 92' lang='lat' dir='ltr'>post</span> <span class='ocrx_word' id='word_1_77' title='bbox 1160 1894 1250 1956; x_wconf 88' lang='lat' dir='ltr'>eam,</span> <span class='ocrx_word' id='word_1_78' title='bbox 1264 1871 1324 1939; x_wconf 89' lang='lat' dir='ltr'>sad</span> <span class='ocrx_word' id='word_1_79' title='bbox 1343 1894 1424 1939; x_wconf 91' lang='lat' dir='ltr'>cum</span> 
     </span>
     <span class='ocr_line' id='line_1_12' title="bbox 218 1987 1425 2078; baseline 0.002 -26"><span class='ocrx_word' id='word_1_80' title='bbox 218 2007 346 2077; x_wconf 85' lang='lat' dir='ltr'>magna</span> <span class='ocrx_word' id='word_1_81' title='bbox 361 1987 536 2077; x_wconf 81' lang='lat' dir='ltr'>angustia,</span> <span class='ocrx_word' id='word_1_82' title='bbox 550 1988 632 2078; x_wconf 91' lang='lat' dir='ltr'>quia</span> <span class='ocrx_word' id='word_1_83' title='bbox 647 1989 805 2057; x_wconf 87' lang='lat' dir='ltr'>toramen</span> <span class='ocrx_word' id='word_1_84' title='bbox 821 1988 888 2056; x_wconf 90' lang='lat' dir='ltr'>sibi</span> <span class='ocrx_word' id='word_1_85' title='bbox 901 1988 1002 2057; x_wconf 89' lang='lat' dir='ltr'>valde</span> <span class='ocrx_word' id='word_1_86' title='bbox 1017 1989 1190 2056; x_wconf 88' lang='lat' dir='ltr'>strictum.</span> <span class='ocrx_word' id='word_1_87' title='bbox 1209 1987 1425 2055; x_wconf 85' lang='lat' dir='ltr'>lnuenerunt</span> 
     </span>
     <span class='ocr_line' id='line_1_13' title="bbox 217 2103 1424 2194; baseline 0 -26"><span class='ocrx_word' id='word_1_88' title='bbox 217 2123 383 2191; x_wconf 83' lang='lat' dir='ltr'>magnam</span> <span class='ocrx_word' id='word_1_89' title='bbox 412 2104 548 2192; x_wconf 88' lang='lat' dir='ltr'>copiam</span> <span class='ocrx_word' id='word_1_90' title='bbox 573 2105 735 2172; x_wconf 87' lang='lat' dir='ltr'>carnium</span> <span class='ocrx_word' id='word_1_91' title='bbox 757 2110 792 2172; x_wconf 88' lang='lat' dir='ltr'>et</span> <span class='ocrx_word' id='word_1_92' title='bbox 820 2104 983 2194; x_wconf 83' lang='lat' dir='ltr'>piscium.</span> <span class='ocrx_word' id='word_1_93' title='bbox 1010 2103 1141 2192; x_wconf 84' lang='lat' dir='ltr'>Vulpes</span> <span class='ocrx_word' id='word_1_94' title='bbox 1165 2125 1260 2184; x_wconf 88' lang='lat' dir='ltr'>vero,</span> <span class='ocrx_word' id='word_1_95' title='bbox 1287 2124 1424 2170; x_wconf 92' lang='lat' dir='ltr'>memor</span> 
     </span>
     <span class='ocr_line' id='line_1_14' title="bbox 218 2216 1422 2311; baseline 0.001 -27"><span class='ocrx_word' id='word_1_96' title='bbox 218 2217 332 2285; x_wconf 90' lang='lat' dir='ltr'>stricti</span> <span class='ocrx_word' id='word_1_97' title='bbox 355 2217 552 2301; x_wconf 82' lang='lat' dir='ltr'>foraminis,</span> <span class='ocrx_word' id='word_1_98' title='bbox 579 2242 641 2309; x_wconf 88' lang='lat' dir='ltr'>per</span> <span class='ocrx_word' id='word_1_99' title='bbox 662 2219 755 2311; x_wconf 90' lang='lat' dir='ltr'>quod</span> <span class='ocrx_word' id='word_1_100' title='bbox 778 2217 961 2309; x_wconf 75' lang='lat' dir='ltr'>oportebat</span> <span class='ocrx_word' id='word_1_101' title='bbox 981 2241 1058 2287; x_wconf 85' lang='lat' dir='ltr'>eam</span> <span class='ocrx_word' id='word_1_102' title='bbox 1079 2219 1221 2301; x_wconf 85' lang='lat' dir='ltr'>reuerti,</span> <span class='ocrx_word' id='word_1_103' title='bbox 1247 2216 1422 2286; x_wconf 89' lang='lat' dir='ltr'>moderate</span> 
     </span>
     <span class='ocr_line' id='line_1_15' title="bbox 217 2333 1422 2426; baseline 0.002 -27"><span class='ocrx_word' id='word_1_104' title='bbox 217 2333 385 2422; x_wconf 86' lang='lat' dir='ltr'>sumpsit.</span> <span class='ocrx_word' id='word_1_105' title='bbox 410 2334 528 2423; x_wconf 90' lang='lat' dir='ltr'>Lupus</span> <span class='ocrx_word' id='word_1_106' title='bbox 544 2335 701 2425; x_wconf 89' lang='lat' dir='ltr'>quidem,</span> <span class='ocrx_word' id='word_1_107' title='bbox 719 2335 937 2404; x_wconf 84' lang='lat' dir='ltr'>satisfaciens</span> <span class='ocrx_word' id='word_1_108' title='bbox 955 2335 1036 2426; x_wconf 81' lang='lat' dir='ltr'>gule</span> <span class='ocrx_word' id='word_1_109' title='bbox 1058 2356 1132 2415; x_wconf 91' lang='lat' dir='ltr'>sue,</span> <span class='ocrx_word' id='word_1_110' title='bbox 1154 2333 1368 2424; x_wconf 85' lang='lat' dir='ltr'>ingrossauit</span> <span class='ocrx_word' id='word_1_111' title='bbox 1386 2355 1422 2401; x_wconf 92' lang='lat' dir='ltr'>se</span> 
     </span>
     <span class='ocr_line' id='line_1_16' title="bbox 217 2446 1423 2537; baseline 0 -23"><span class='ocrx_word' id='word_1_112' title='bbox 217 2446 260 2515; x_wconf 91' lang='lat' dir='ltr'>ad</span> <span class='ocrx_word' id='word_1_113' title='bbox 286 2448 443 2537; x_wconf 89' lang='lat' dir='ltr'>plenum.</span> <span class='ocrx_word' id='word_1_114' title='bbox 475 2448 628 2516; x_wconf 77' lang='lat' dir='ltr'>Auditur</span> <span class='ocrx_word' id='word_1_115' title='bbox 655 2450 796 2518; x_wconf 86' lang='lat' dir='ltr'>interim</span> <span class='ocrx_word' id='word_1_116' title='bbox 824 2472 948 2518; x_wconf 90' lang='lat' dir='ltr'>eorum</span> <span class='ocrx_word' id='word_1_117' title='bbox 977 2449 1152 2518; x_wconf 91' lang='lat' dir='ltr'>tumultus</span> <span class='ocrx_word' id='word_1_118' title='bbox 1172 2471 1193 2515; x_wconf 89' lang='lat' dir='ltr'>a</span> <span class='ocrx_word' id='word_1_119' title='bbox 1216 2446 1361 2531; x_wconf 89' lang='lat' dir='ltr'>familia,</span> <span class='ocrx_word' id='word_1_120' title='bbox 1388 2455 1423 2515; x_wconf 90' lang='lat' dir='ltr'>et</span> 
     </span>
     <span class='ocr_line' id='line_1_17' title="bbox 219 2562 1419 2646; baseline 0.001 -17"><span class='ocrx_word' id='word_1_121' title='bbox 219 2564 370 2631; x_wconf 83' lang='lat' dir='ltr'>veniunt</span> <span class='ocrx_word' id='word_1_122' title='bbox 394 2564 518 2633; x_wconf 87' lang='lat' dir='ltr'>famuli</span> <span class='ocrx_word' id='word_1_123' title='bbox 538 2588 619 2633; x_wconf 88' lang='lat' dir='ltr'>cum</span> <span class='ocrx_word' id='word_1_124' title='bbox 644 2564 791 2634; x_wconf 92' lang='lat' dir='ltr'>canibus</span> <span class='ocrx_word' id='word_1_125' title='bbox 812 2571 847 2635; x_wconf 88' lang='lat' dir='ltr'>ot</span> <span class='ocrx_word' id='word_1_126' title='bbox 865 2565 1035 2646; x_wconf 85' lang='lat' dir='ltr'>fustibus;</span> <span class='ocrx_word' id='word_1_127' title='bbox 1058 2567 1192 2633; x_wconf 89' lang='lat' dir='ltr'>intrant</span> <span class='ocrx_word' id='word_1_128' title='bbox 1215 2562 1419 2632; x_wconf 88' lang='lat' dir='ltr'>lardarium.</span> 
     </span>
     <span class='ocr_line' id='line_1_18' title="bbox 218 2678 1421 2772; baseline 0.001 -27"><span class='ocrx_word' id='word_1_129' title='bbox 218 2678 352 2770; x_wconf 86' lang='lat' dir='ltr'>Vulpes</span> <span class='ocrx_word' id='word_1_130' title='bbox 371 2686 490 2748; x_wconf 91' lang='lat' dir='ltr'>autem</span> <span class='ocrx_word' id='word_1_131' title='bbox 512 2680 576 2749; x_wconf 92' lang='lat' dir='ltr'>boc</span> <span class='ocrx_word' id='word_1_132' title='bbox 597 2679 743 2750; x_wconf 86' lang='lat' dir='ltr'>audiens</span> <span class='ocrx_word' id='word_1_133' title='bbox 758 2682 849 2772; x_wconf 83' lang='lat' dir='ltr'>fugit</span> <span class='ocrx_word' id='word_1_134' title='bbox 867 2680 909 2750; x_wconf 88' lang='lat' dir='ltr'>ad</span> <span class='ocrx_word' id='word_1_135' title='bbox 929 2682 1086 2750; x_wconf 87' lang='lat' dir='ltr'>toramen</span> <span class='ocrx_word' id='word_1_136' title='bbox 1106 2686 1140 2748; x_wconf 92' lang='lat' dir='ltr'>et</span> <span class='ocrx_word' id='word_1_137' title='bbox 1158 2679 1280 2748; x_wconf 86' lang='lat' dir='ltr'>exiuit.</span> <span class='ocrx_word' id='word_1_138' title='bbox 1305 2679 1421 2770; x_wconf 90' lang='lat' dir='ltr'>Lupus</span> 
     </span>
     <span class='ocr_line' id='line_1_19' title="bbox 216 2794 1421 2888; baseline -0.001 -25"><span class='ocrx_word' id='word_1_139' title='bbox 216 2817 314 2876; x_wconf 84' lang='lat' dir='ltr'>vero,</span> <span class='ocrx_word' id='word_1_140' title='bbox 337 2794 461 2865; x_wconf 87' lang='lat' dir='ltr'>volens</span> <span class='ocrx_word' id='word_1_141' title='bbox 482 2796 576 2864; x_wconf 84' lang='lat' dir='ltr'>exire</span> <span class='ocrx_word' id='word_1_142' title='bbox 599 2820 664 2865; x_wconf 91' lang='lat' dir='ltr'>nec</span> <span class='ocrx_word' id='word_1_143' title='bbox 688 2799 812 2866; x_wconf 87' lang='lat' dir='ltr'>ualens</span> <span class='ocrx_word' id='word_1_144' title='bbox 832 2820 893 2888; x_wconf 92' lang='lat' dir='ltr'>pre</span> <span class='ocrx_word' id='word_1_145' title='bbox 914 2797 1047 2865; x_wconf 88' lang='lat' dir='ltr'>ventris</span> <span class='ocrx_word' id='word_1_146' title='bbox 1067 2794 1315 2888; x_wconf 82' lang='lat' dir='ltr'>grossitudine,</span> <span class='ocrx_word' id='word_1_147' title='bbox 1328 2795 1421 2884; x_wconf 90' lang='lat' dir='ltr'>capi-</span> 
     </span>
     <span class='ocr_line' id='line_1_20' title="bbox 216 2910 1073 3002; baseline 0.001 -24"><span class='ocrx_word' id='word_1_148' title='bbox 216 2916 287 2993; x_wconf 86' lang='lat' dir='ltr'>tur,</span> <span class='ocrx_word' id='word_1_149' title='bbox 306 2911 509 3002; x_wconf 85' lang='lat' dir='ltr'>fastigatur,</span> <span class='ocrx_word' id='word_1_150' title='bbox 526 2935 653 2980; x_wconf 88' lang='lat' dir='ltr'>canum</span> <span class='ocrx_word' id='word_1_151' title='bbox 669 2911 835 2981; x_wconf 89' lang='lat' dir='ltr'>dentibus</span> <span class='ocrx_word' id='word_1_152' title='bbox 850 2910 1073 3002; x_wconf 85' lang='lat' dir='ltr'>discerpitur.</span> 
     </span>
    </p>
   </div>
   <div class='ocr_carea' id='block_1_5' title="bbox 215 3025 1418 3508">
    <p class='ocr_par' dir='ltr' id='par_1_5' title="bbox 215 3025 1418 3508">
     <span class='ocr_line' id='line_1_21' title="bbox 283 3025 1418 3119; baseline 0.003 -26"><span class='ocrx_word' id='word_1_153' title='bbox 283 3025 396 3109; x_wconf 90' lang='lat' dir='ltr'>Vnde,</span> <span class='ocrx_word' id='word_1_154' title='bbox 424 3033 463 3096; x_wconf 88' lang='lat' dir='ltr'>vt</span> <span class='ocrx_word' id='word_1_155' title='bbox 480 3027 631 3111; x_wconf 88' lang='lat' dir='ltr'>videtur,</span> <span class='ocrx_word' id='word_1_156' title='bbox 648 3028 780 3119; x_wconf 88' lang='lat' dir='ltr'>Vulpes</span> <span class='ocrx_word' id='word_1_157' title='bbox 793 3029 881 3097; x_wconf 87' lang='lat' dir='ltr'>bene</span> <span class='ocrx_word' id='word_1_158' title='bbox 904 3027 1028 3096; x_wconf 85' lang='lat' dir='ltr'>habuit</span> <span class='ocrx_word' id='word_1_159' title='bbox 1054 3028 1091 3095; x_wconf 91' lang='lat' dir='ltr'>in</span> <span class='ocrx_word' id='word_1_160' title='bbox 1118 3026 1301 3109; x_wconf 86' lang='lat' dir='ltr'>memoria,</span> <span class='ocrx_word' id='word_1_161' title='bbox 1329 3025 1418 3096; x_wconf 93' lang='lat' dir='ltr'>illud</span> 
     </span>
     <span class='ocr_line' id='line_1_22' title="bbox 215 3141 429 3234; baseline 0.005 -23"><span class='ocrx_word' id='word_1_162' title='bbox 215 3141 327 3211; x_wconf 89' lang='lat' dir='ltr'>Oratii</span> <span class='ocrx_word' id='word_1_163' title='bbox 350 3141 397 3234; x_wconf 82' lang='lat'>(1)</span> <span class='ocrx_word' id='word_1_164' title='bbox 421 3165 429 3212; x_wconf 75' lang='grc' dir='ltr'><em>τ</em></span> 
     </span>
     <span class='ocr_line' id='line_1_23' title="bbox 705 3235 1097 3314; baseline -0.003 -18"><span class='ocrx_word' id='word_1_165' title='bbox 705 3235 758 3296; x_wconf 88' lang='lat' dir='ltr'>Sic</span> <span class='ocrx_word' id='word_1_166' title='bbox 769 3235 818 3301; x_wconf 91' lang='lat' dir='ltr'>vis</span> <span class='ocrx_word' id='word_1_167' title='bbox 833 3235 975 3314; x_wconf 79' lang='lat' dir='ltr'>effugere</span> <span class='ocrx_word' id='word_1_168' title='bbox 990 3235 1097 3306; x_wconf 83' lang='lat' dir='ltr'>istinc,</span> 
     </span>
     <span class='ocr_line' id='line_1_24' title="bbox 338 3331 1264 3413; baseline 0.001 -22"><span class='ocrx_word' id='word_1_169' title='bbox 338 3331 442 3392; x_wconf 79' lang='lat' dir='ltr'>Macra</span> <span class='ocrx_word' id='word_1_170' title='bbox 455 3349 573 3393; x_wconf 86' lang='lat' dir='ltr'>cauum</span> <span class='ocrx_word' id='word_1_171' title='bbox 589 3339 719 3410; x_wconf 88' lang='lat' dir='ltr'>repetes</span> <span class='ocrx_word' id='word_1_172' title='bbox 733 3332 883 3413; x_wconf 77' lang='lat' dir='ltr'>arc[t]um</span> <span class='ocrx_word' id='word_1_173' title='bbox 899 3350 997 3411; x_wconf 88' lang='lat' dir='ltr'>quem</span> <span class='ocrx_word' id='word_1_174' title='bbox 1012 3350 1120 3395; x_wconf 88' lang='lat' dir='ltr'>macra</span> <span class='ocrx_word' id='word_1_175' title='bbox 1132 3333 1264 3405; x_wconf 79' lang='lat' dir='ltr'>subisti3</span> 
     </span>
     <span class='ocr_line' id='line_1_25' title="bbox 337 3429 734 3508; baseline 0.003 -20"><span class='ocrx_word' id='word_1_176' title='bbox 337 3429 478 3490; x_wconf 89' lang='lat' dir='ltr'>Paruum</span> <span class='ocrx_word' id='word_1_177' title='bbox 494 3447 594 3508; x_wconf 89' lang='lat' dir='ltr'>parua</span> <span class='ocrx_word' id='word_1_178' title='bbox 608 3431 734 3492; x_wconf 86' lang='lat' dir='ltr'>decent.</span> 
     </span>
    </p>
   </div>
   <div class='ocr_carea' id='block_1_6' title="bbox 216 3584 1417 3910">
    <p class='ocr_par' dir='ltr' id='par_1_6' title="bbox 216 3584 1417 3910">
     <span class='ocr_line' id='line_1_26' title="bbox 283 3584 1414 3678; baseline -0.003 -24"><span class='ocrx_word' id='word_1_179' title='bbox 283 3586 403 3678; x_wconf 90' lang='lat' dir='ltr'>Lupus</span> <span class='ocrx_word' id='word_1_180' title='bbox 421 3610 505 3657; x_wconf 88' lang='lat' dir='ltr'>vero</span> <span class='ocrx_word' id='word_1_181' title='bbox 525 3611 597 3656; x_wconf 91' lang='lat' dir='ltr'>non</span> <span class='ocrx_word' id='word_1_182' title='bbox 617 3589 753 3657; x_wconf 89' lang='lat' dir='ltr'>audiuit</span> <span class='ocrx_word' id='word_1_183' title='bbox 773 3594 910 3657; x_wconf 85' lang='lat' dir='ltr'>tantum</span> <span class='ocrx_word' id='word_1_184' title='bbox 934 3589 973 3654; x_wconf 92' lang='lat' dir='ltr'>in</span> <span class='ocrx_word' id='word_1_185' title='bbox 989 3588 1104 3668; x_wconf 88' lang='lat' dir='ltr'>scolis,</span> <span class='ocrx_word' id='word_1_186' title='bbox 1127 3585 1196 3668; x_wconf 87' lang='lat' dir='ltr'>vel,</span> <span class='ocrx_word' id='word_1_187' title='bbox 1214 3586 1244 3653; x_wconf 92' lang='lat' dir='ltr'>si</span> <span class='ocrx_word' id='word_1_188' title='bbox 1264 3584 1414 3668; x_wconf 87' lang='lat' dir='ltr'>audiuit,</span> 
     </span>
     <span class='ocr_line' id='line_1_27' title="bbox 216 3700 1417 3795; baseline -0.002 -27"><span class='ocrx_word' id='word_1_189' title='bbox 216 3701 361 3771; x_wconf 90' lang='lat' dir='ltr'>tradidit</span> <span class='ocrx_word' id='word_1_190' title='bbox 375 3702 449 3792; x_wconf 91' lang='lat' dir='ltr'>ipse</span> <span class='ocrx_word' id='word_1_191' title='bbox 464 3704 585 3795; x_wconf 81' lang='lat' dir='ltr'>gulam</span> <span class='ocrx_word' id='word_1_192' title='bbox 600 3703 785 3786; x_wconf 91' lang='lat' dir='ltr'>obliuioni,</span> <span class='ocrx_word' id='word_1_193' title='bbox 804 3727 885 3795; x_wconf 89' lang='lat' dir='ltr'>que,</span> <span class='ocrx_word' id='word_1_194' title='bbox 897 3709 935 3771; x_wconf 93' lang='lat' dir='ltr'>vt</span> <span class='ocrx_word' id='word_1_195' title='bbox 948 3703 1033 3772; x_wconf 91' lang='lat' dir='ltr'>dicit</span> <span class='ocrx_word' id='word_1_196' title='bbox 1051 3701 1285 3794; x_wconf 79' lang='lat' dir='ltr'>Augustinus,</span> <span class='ocrx_word' id='word_1_197' title='bbox 1302 3700 1417 3768; x_wconf 84' lang='lat' dir='ltr'>aufert</span> 
     </span>
     <span class='ocr_line' id='line_1_28' title="bbox 216 3816 1414 3910; baseline -0.003 -25"><span class='ocrx_word' id='word_1_198' title='bbox 216 3819 436 3901; x_wconf 88' lang='lat' dir='ltr'>memoriam,</span> <span class='ocrx_word' id='word_1_199' title='bbox 449 3818 598 3909; x_wconf 89' lang='lat' dir='ltr'>discipat</span> <span class='ocrx_word' id='word_1_200' title='bbox 610 3820 682 3910; x_wconf 73' lang='lat' dir='ltr'>(sie)</span> <span class='ocrx_word' id='word_1_201' title='bbox 699 3842 856 3903; x_wconf 90' lang='lat' dir='ltr'>sensum,</span> <span class='ocrx_word' id='word_1_202' title='bbox 873 3826 908 3888; x_wconf 93' lang='lat' dir='ltr'>et</span> <span class='ocrx_word' id='word_1_203' title='bbox 922 3819 1105 3888; x_wconf 88' lang='lat' dir='ltr'>confundit</span> <span class='ocrx_word' id='word_1_204' title='bbox 1124 3816 1414 3907; x_wconf 85' lang='lat' dir='ltr'>intelliganciam.</span> 
     </span>
    </p>
   </div>
   <div class='ocr_carea' id='block_1_7' title="bbox 461 4040 1176 4250">
    <p class='ocr_par' dir='ltr' id='par_1_7' title="bbox 461 4040 1176 4250">
     <span class='ocr_line' id='line_1_29' title="bbox 461 4040 1176 4114; baseline -0.001 -17"><span class='ocrx_word' id='word_1_205' title='bbox 461 4042 509 4097; x_wconf 90' lang='lat' dir='ltr'>Ll.</span> <span class='ocrx_word' id='word_1_206' title='bbox 535 4075 571 4084; x_wconf 93' lang='lat'>-</span> <span class='ocrx_word' id='word_1_207' title='bbox 599 4043 826 4114; x_wconf 78' lang='lat' dir='ltr'><strong>[BUSARDUS</strong></span> <span class='ocrx_word' id='word_1_208' title='bbox 854 4044 903 4098; x_wconf 86' lang='lat' dir='ltr'>ET</span> <span class='ocrx_word' id='word_1_209' title='bbox 933 4040 1176 4112; x_wconf 66' lang='lat' dir='ltr'>sceleribu]</span> 
     </span>
     <span class='ocr_line' id='line_1_30' title="bbox 526 4188 1100 4250; baseline -0.003 -4"><span class='ocrx_word' id='word_1_210' title='bbox 526 4190 580 4248; x_wconf 83' lang='lat' dir='ltr'>De</span> <span class='ocrx_word' id='word_1_211' title='bbox 600 4190 705 4250; x_wconf 87' lang='lat' dir='ltr'>mala</span> <span class='ocrx_word' id='word_1_212' title='bbox 725 4189 908 4249; x_wconf 81' lang='lat' dir='ltr'>societate</span> <span class='ocrx_word' id='word_1_213' title='bbox 929 4188 1100 4248; x_wconf 78' lang='lat' dir='ltr'>vitanda.</span> 
     </span>
    </p>
   </div>
   <div class='ocr_carea' id='block_1_8' title="bbox 214 4348 1416 4558">
    <p class='ocr_par' dir='ltr' id='par_1_8' title="bbox 214 4348 1416 4558">
     <span class='ocr_line' id='line_1_31' title="bbox 282 4348 1416 4443; baseline -0.004 -24"><span class='ocrx_word' id='word_1_214' title='bbox 282 4350 460 4420; x_wconf 89' lang='lat' dir='ltr'>Busardus</span> <span class='ocrx_word' id='word_1_215' title='bbox 479 4353 626 4443; x_wconf 87' lang='lat' dir='ltr'>proiecit</span> <span class='ocrx_word' id='word_1_216' title='bbox 646 4354 682 4420; x_wconf 91' lang='lat' dir='ltr'>in</span> <span class='ocrx_word' id='word_1_217' title='bbox 702 4352 826 4421; x_wconf 93' lang='lat' dir='ltr'>nidum</span> <span class='ocrx_word' id='word_1_218' title='bbox 841 4351 1028 4443; x_wconf 73' lang='lat' dir='ltr'>Accipitris</span> <span class='ocrx_word' id='word_1_219' title='bbox 1047 4372 1157 4419; x_wconf 89' lang='lat' dir='ltr'>ouum</span> <span class='ocrx_word' id='word_1_220' title='bbox 1177 4372 1294 4418; x_wconf 87' lang='lat' dir='ltr'>suum.</span> <span class='ocrx_word' id='word_1_221' title='bbox 1316 4348 1416 4416; x_wconf 78' lang='lat' dir='ltr'>Acci-</span> 
     </span>
     <span class='ocr_line' id='line_1_32' title="bbox 214 4463 1416 4558; baseline -0.003 -22"><span class='ocrx_word' id='word_1_222' title='bbox 214 4467 307 4558; x_wconf 91' lang='lat' dir='ltr'>piter</span> <span class='ocrx_word' id='word_1_223' title='bbox 320 4474 453 4551; x_wconf 89' lang='lat' dir='ltr'>autem,</span> <span class='ocrx_word' id='word_1_224' title='bbox 467 4467 611 4537; x_wconf 88' lang='lat' dir='ltr'>credens</span> <span class='ocrx_word' id='word_1_225' title='bbox 626 4492 736 4538; x_wconf 92' lang='lat' dir='ltr'>ouum</span> <span class='ocrx_word' id='word_1_226' title='bbox 747 4492 851 4538; x_wconf 90' lang='lat' dir='ltr'>suum</span> <span class='ocrx_word' id='word_1_227' title='bbox 866 4491 954 4552; x_wconf 87' lang='lat' dir='ltr'>esse,</span> <span class='ocrx_word' id='word_1_228' title='bbox 967 4467 1110 4537; x_wconf 90' lang='lat' dir='ltr'>cubauit</span> <span class='ocrx_word' id='word_1_229' title='bbox 1124 4488 1230 4557; x_wconf 88' lang='lat' dir='ltr'>super</span> <span class='ocrx_word' id='word_1_230' title='bbox 1240 4463 1330 4535; x_wconf 95' lang='lat' dir='ltr'>illud</span> <span class='ocrx_word' id='word_1_231' title='bbox 1344 4487 1416 4534; x_wconf 90' lang='lat' dir='ltr'>una</span> 
     </span>
    </p>
   </div>
   <div class='ocr_carea' id='block_1_9' title="bbox 269 4618 569 4701">
    <p class='ocr_par' dir='ltr' id='par_1_9' title="bbox 269 4618 569 4701">
     <span class='ocr_line' id='line_1_33' title="bbox 269 4618 569 4701; baseline 0 -17"><span class='ocrx_word' id='word_1_232' title='bbox 269 4629 307 4701; x_wconf 85' lang='lat' dir='ltr'>(l)</span> <span class='ocrx_word' id='word_1_233' title='bbox 323 4618 414 4700; x_wconf 70' lang='lat' dir='ltr'>Epic,</span> <span class='ocrx_word' id='word_1_234' title='bbox 430 4630 511 4697; x_wconf 80' lang='lat' dir='ltr'>l,v11,</span> <span class='ocrx_word' id='word_1_235' title='bbox 526 4631 569 4686; x_wconf 84' lang='grc'>33.</span> 
     </span>
    </p>
   </div>
   <div class='ocr_carea' id='block_1_10' title="bbox 0 0 1640 5626">
    <p class='ocr_par' dir='ltr' id='par_1_10' title="bbox 0 0 1640 5626">
     <span class='ocr_line' id='line_1_34' title="bbox 0 0 1640 5626; baseline 0 1"><span class='ocrx_word' id='word_1_236' title='bbox 0 0 1640 5626; x_wconf 95' lang='lat' dir='ltr'> </span> 
     </span>
    </p>
   </div>
  </div>
 </body>
</html>
