3270 5626
215 500 263 549 llo
555 496 761 548 «IOHANNIS
786 496 837 547 DE
865 495 1084 548 scurrula

215 640 387 733 placabile
408 641 549 730 reperit,
573 641 609 707 in
630 663 700 732 quo
719 639 931 732 quiescendo
947 639 1129 708 resideret.
1148 639 1306 708 Tandem
1322 640 1415 709 rediit

216 756 258 827 ad
281 765 435 825 stercora
456 755 562 824 boum
587 762 622 823 et
641 778 839 845 porcorum,
857 755 915 823 vbi
943 756 1084 823 inuenit
1103 777 1250 823 vxorem
1270 765 1415 825 suamet

216 872 318 940 filios
337 871 499 954 Quesiuit
519 871 628 962 igitur
650 894 737 940 vxor
760 873 836 940 eius
858 871 948 940 vnde
971 871 1109 939 veniret
1128 878 1163 938 et
1183 869 1243 938 vbi
1269 877 1342 941 tam
1362 871 1415 940 diu

215 987 397 1056 tardasset.
416 987 484 1070 Qui
504 987 685 1076 respondit
706 1009 713 1057 :
735 987 892 1055 Circuiui
911 987 1052 1055 arbores
1072 991 1109 1054 et
1130 986 1248 1068 flores,
1270 994 1367 1076 prata
1386 995 1414 1055 et

216 1125 379 1185 nemora;
397 1102 457 1171 sed
472 1124 649 1193 nusquam
664 1103 787 1170 inueni
801 1108 874 1170 tam
889 1124 1055 1170 amenum
1071 1107 1106 1169 et
1119 1108 1193 1169 tam
1209 1100 1415 1170 odoriferum

217 1220 347 1302 locum,
369 1216 467 1287 sicud
482 1218 604 1285 istum.
623 1217 687 1286 Hic
702 1218 843 1308 requies
858 1240 949 1301 mea,
965 1218 1136 1308 quoniam
1150 1216 1244 1308 elegi
1265 1239 1354 1286 eam.

284 1335 383 1403 iuxta
398 1332 487 1401 illud
504 1353 512 1400 τ

380 1486 539 1549 sordibus
554 1485 672 1547 imbuti
688 1485 804 1547 nolunt
818 1485 982 1548 dimittere
998 1486 1125 1548 sordes

459 1726 533 1781 lvl.
561 1756 596 1766 -
623 1725 769 1797 [l'DRUS
796 1725 845 1780 ΕΤ
871 1724 1180 1798 condonatus]

382 1883 435 1939 De
457 1881 610 1941 mallota
630 1883 669 1940 ot
690 1880 825 1940 fraude
848 1879 1003 1952 dyaboli
1023 1882 1062 1940 et
1081 1881 1255 1942 homlnls.

284 2045 410 2128 Ydrus,
433 2045 566 2113 animal
589 2043 783 2114 Cocodrillo
803 2046 1002 2128 inimicum,
1018 2045 1174 2114 inuoluit
1194 2069 1231 2114 se
1248 2047 1285 2114 in
1301 2069 1403 2119 arona.

219 2161 345 2251 inqua
368 2160 583 2230 Cocodrillus
605 2161 785 2252 quiescere
808 2162 908 2245 solet,
930 2167 975 2243 et,
998 2161 1059 2228 illo
1078 2160 1291 2244 dormiente,
1315 2163 1404 2230 intrat

219 2276 370 2344 latenter
389 2277 426 2343 in
446 2282 605 2343 ventrem
625 2276 701 2343 eius
722 2283 758 2344 et
771 2276 898 2345 occidit
913 2299 1007 2344 eum.

284 2393 384 2459 iuxta
409 2390 497 2459 illud
518 2389 595 2471 Job,
621 2415 677 2458 xm
701 2392 747 2481 (l)
771 2414 779 2459 ι
805 2391 1020 2461 Abscondita
1045 2398 1099 2460 est
1123 2393 1160 2459 in
1187 2399 1280 2462 terra
1302 2392 1404 2485 pedica

217 2508 294 2576 eius
314 2514 347 2575 et
366 2506 528 2597 decipula
547 2507 624 2599 eius
640 2529 745 2597 super
764 2508 940 2576 semitam.

511 2757 605 2813 lvll.
631 2788 667 2798 —
690 2758 833 2829 {VESPA
859 2758 908 2812 ET
936 2757 1125 2829 ARANEA.]

663 2913 751 2972 Alla
771 2915 816 2972 de
837 2913 974 2972 eodem.

284 3078 397 3166 Vespa
410 3077 496 3145 dixit
514 3077 580 3167 [ad]
598 3079 769 3145 Araneam
784 3100 790 3144 :
808 3076 904 3144 Nihil
920 3078 1029 3159 valeS,
1045 3078 1129 3168 quia
1144 3101 1287 3169 semper
1302 3102 1408 3146 rrranes

216 3194 251 3259 in
271 3193 441 3260 foramine
458 3200 529 3260 tuo.
548 3194 632 3261 Plus
652 3194 808 3261 volarem
830 3195 866 3259 in
882 3216 951 3261 vna
966 3193 1021 3260 die
1042 3216 1149 3283 quam
1162 3200 1200 3261 tu
1220 3194 1409 3263 ambulares

216 3331 277 3396 per
293 3314 447 3375 centum.
467 3308 658 3398 Respondit
673 3311 810 3376 Aranea
827 3329 834 3375 :
852 3309 940 3375 Veni
959 3309 994 3375 in
1010 3308 1154 3376 domum
1172 3334 1309 3393 meam3
1327 3310 1409 3377 ride·

216 3423 268 3490 bis
288 3430 460 3513 quantum
480 3425 579 3491 valeo
599 3431 631 3492 et
648 3425 790 3514 qualem
811 3432 1016 3512 apparatum
1037 3424 1161 3492 habea.
1182 3426 1303 3495 Habeo
1325 3429 1409 3494 enim

215 3540 386 3607 cortinam
401 3539 483 3605 miri
499 3541 630 3628 operis;
645 3540 725 3608 reni
738 3540 857 3607 videre
873 3562 961 3622 eam,
975 3546 1012 3608 vt
1026 3541 1260 3631 com(m)edas
1276 3550 1311 3610 et
1324 3541 1410 3609 bibas

215 3656 252 3721 in
273 3678 324 3723 ea.
350 3655 486 3721 Annuit
506 3655 630 3746 Vespa,
649 3664 682 3723 et
697 3658 842 3724 veniens
863 3657 899 3722 in
922 3655 1025 3723 telam
1048 3658 1189 3724 Arauee
1212 3659 1262 3726 ita
1286 3660 1409 3725 irretita

216 3777 279 3852 est,
304 3770 397 3860 quod
413 3770 561 3838 euadere
586 3789 656 3839 non
681 3772 805 3861 potuit.
829 3770 927 3852 Quod
950 3771 1084 3847 videns,
1107 3772 1245 3841 Aranea
1272 3776 1354 3842 exiit
1375 3773 1408 3838 de

215 3885 386 3954 foramine
407 3910 470 3952 suo
491 3894 526 3953 et
544 3886 669 3954 occidit
684 3910 772 3954 eam.
812 3918 821 3933 ·
1250 3869 1253 3873 ’

282 4002 327 4068 vt
341 4000 456 4069 dicere
471 4003 581 4090 possit
596 4002 683 4069 illud
698 4003 869 4086 Thronus,
887 4027 897 4069 1
915 4003 975 4093 (2):
995 4002 1168 4091 Expendit
1184 4005 1312 4094 ret(h)e
1328 4004 1408 4095 podi-

215 4118 280 4187 bus
301 4119 387 4185 nreis
410 4124 445 4184 et
463 4126 589 4185 cetera.
604 4119 673 4185 lire
694 4120 829 4186 cortina
845 4126 897 4187 est
912 4118 1057 4208 pulchra
1074 4120 1215 4199 mulier,
1238 4119 1364 4189 diuicir
1382 4127 1404 4186 et

216 4235 367 4301 honores
383 4233 492 4300 seculi
509 4240 544 4300 rt
562 4235 771 4301 consimilia.

269 4403 306 4476 (l)
327 4404 364 4458 Co
380 4402 482 4458 chilire
499 4408 543 4459 est
558 4404 675 4459 inexact
682 4421 689 4471 ;
706 4401 777 4459 c'est
791 4403 832 4461 du
850 4405 935 4476 chap.
952 4421 1032 4469 xrrn,
1049 4422 1074 4460 r.
1094 4406 1136 4471 10,
1153 4421 1211 4476 que
1227 4405 1257 4461 la
1272 4406 1381 4463 citatiou
1392 4419 1403 4454 a

215 4493 261 4548 ele
277 4493 363 4547 tiree.

269 4581 307 4653 (ἓ)
322 4582 542 4637 Lamentations
553 4581 588 4636 de
602 4582 739 4650 triremis),
754 4585 783 4637 C.
802 4599 818 4649 r,
837 4599 862 4637 r.
878 4584 922 4640 ld.
