3270 5626
375 480 419 528 eoo
696 474 849 525 ODONIS
876 473 1057 526 ruamus
1084 473 1253 537 nnnt‘rA,

375 620 532 713 quesiuit
553 618 595 688 ab
614 617 718 710 ydolo
739 639 815 699 suo,
838 616 899 708 qui
919 616 1101 708 respondit
1120 616 1214 709 quod
1234 617 1455 688 christianus
1476 628 1568 688 esset.

375 738 418 805 Et
432 735 658 827 qu0(ci)tiens
673 734 784 802 filiam
799 756 899 802 suam
913 733 1092 824 cognouit,
1106 732 1241 802 fontem
1258 734 1333 823 (fol.
1352 735 1411 822 35)
1429 736 1571 826 quesiuit

374 859 409 921 et
424 851 473 920 ihi
489 875 525 919 se
541 851 641 918 lauit.
654 849 754 918 Vnde
770 850 912 939 penitus
927 849 1096 917 noticiam
1112 849 1188 917 eius
1202 846 1335 917 amisit.
1347 850 1446 919 Tunc
1457 851 1572 921 ludeus

374 968 514 1057 culpam
526 967 596 1034 filie
608 965 757 1050 remisit,
768 972 807 1034 vt
817 964 860 1033 ah
871 966 1004 1033 amasio
1019 964 1217 1056 inquireret
1226 965 1306 1056 quis
1316 965 1398 1033 fons
1410 967 1478 1035 iste
1492 976 1572 1036 esset

373 1083 487 1174 inquo
499 1082 690 1150 selauaret.
701 1080 776 1161 Quo
787 1080 981 1171 inquirens,
991 1079 1081 1148 dixit
1094 1080 1311 1149 christianus
1326 1082 1465 1151 fontem
1481 1083 1570 1152 illum

374 1222 450 1267 esse
458 1198 729 1267 confessionem.
743 1197 850 1265 Cuius
865 1195 971 1264 fontis
981 1218 1101 1265 amore
1114 1195 1242 1264 ludeus
1252 1220 1289 1265 se
1301 1196 1474 1287 baptizari
1485 1199 1569 1281 fecit,

374 1320 518 1399 etcum,
535 1314 700 1405 quotiens
716 1311 881 1403 indiguit,
898 1312 1056 1403 quesiuit
1075 1318 1109 1379 ot
1129 1312 1272 1381 inuenit
1285 1319 1322 1380 et
1339 1319 1490 1383 sanatus
1512 1322 1567 1383 est.

390 1581 456 1637 lth
487 1581 575 1654 (Cll).
603 1612 638 1620 —
662 1581 713 1635 DE
738 1579 909 1646 Quousu
938 1579 1071 1636 l‘nrt'o
1096 1579 1275 1636 CARCERI
1306 1581 1554 1639 flandrense.

439 1768 522 1836 Erat
536 1765 680 1857 quidam
696 1767 815 1835 fatuus
834 1767 965 1834 carceri
981 1766 1214 1856 mancipatus,
1236 1767 1294 1835 oui
1314 1773 1420 1859 pater
1440 1791 1565 1860 compa·

375 1885 464 1951 tiens
493 1883 645 1973 pretium
675 1883 854 1951 sufficiens
883 1883 1091 1950 carceratori
1121 1881 1300 1966 offerebat,
1335 1890 1439 1974 pater
1459 1892 1563 1955 autem

372 2000 494 2070 volens
518 1998 631 2067 filium
647 1998 834 2066 attrahere.
857 1996 1049 2087 Respondit
1071 1997 1195 2066 filius:
1222 1998 1299 2067 Non
1321 2021 1470 2090 possum
1493 2000 1562 2068 hinc

372 2114 547 2195 recedere,
575 2115 658 2205 quia
683 2114 822 2181 infinito
846 2135 965 2182 amore
993 2112 1159 2182 deteneor
1186 2114 1459 2184 incarceratoris
1490 2116 1560 2184 filie.

372 2231 452 2300 ldeo
472 2230 530 2299 hic
545 2253 625 2298 cum
643 2230 703 2298 illa
722 2229 967 2298 commorabor
981 2237 1016 2296 et
1031 2235 1147 2298 tecum
1161 2252 1233 2298 non
1249 2229 1365 2299 exibo.

437 2346 583 2414 Mistice.
606 2347 673 2413 Per
695 2347 803 2413 istum
823 2346 963 2413 fatuum
982 2345 1239 2414 incarceratum
1257 2354 1478 2435 peccatorem
1497 2347 1561 2416 ohe

371 2464 523 2530 tinatum
543 2461 789 2553 intelligimus,
808 2483 869 2552 per
889 2482 1064 2529 carcerem
1086 2461 1278 2544 infernum,
1296 2483 1362 2551 per
1381 2463 1561 2532 incarcera-

372 2586 482 2647 torem
502 2577 694 2672 diabolum,
712 2599 774 2666 per
788 2575 897 2644 liliam
914 2599 997 2644 vero
1013 2575 1161 2644 diuicias
1176 2577 1405 2667 temporales,
1431 2602 1493 2670 per
1511 2601 1560 2669 pr·

371 2700 462 2763 trem
478 2692 668 2775 Christum,
686 2697 878 2760 creatorem
899 2692 1072 2776 omnium,
1094 2693 1154 2784 qui
1173 2692 1333 2782 precium
1357 2693 1402 2762 ad
1417 2701 1558 2786 peccato

370 2833 445 2879 rem
465 2806 686 2878 educendum
705 2806 846 2891 obtulit,
858 2807 993 2876 scilicet
1005 2808 1215 2898 sanguinem
1234 2830 1341 2876 suum
1357 2809 1557 2900 preciosum.

369 2927 428 2995 Set
450 2925 534 3017 quid
565 2923 745 3014 sequitur?
778 2923 877 2990 Certo
907 2946 968 2990 sue
999 2922 1253 3012 redempcionis
1285 2927 1449 3014 precium
1482 2926 1557 2994 obli·

371 3051 435 3125 tus‚
450 3043 576 3109 maluit
590 3063 671 3108 oum
690 3047 850 3106 creatura
868 3038 1050 3127 dampnari
1069 3062 1174 3129 quam
1190 3063 1210 3106 a
1226 3048 1384 3109 creatore
1399 3043 1535 3112 saluari.

466 3310 518 3364 XX
547 3309 651 3381 (Clll).
681 3341 716 3349 -
746 3310 795 3364 DE
824 3307 992 3372 Qtonlh
1021 3306 1201 3361 Nt'tl'lTEll
1230 3307 1463 3364 CONUERSt).

432 3503 688 3596 Contigitquod
704 3502 847 3592 quidam
863 3502 1002 3570 nouiter
1012 3525 1218 3584 conuersuS,
1232 3502 1268 3568 in
1281 3505 1468 3573 nouieialu
1481 3505 1555 3573 exis-

366 3631 455 3706 tenS,
473 3621 624 3712 quadam
644 3619 699 3686 dic
720 3619 872 3685 multum
894 3619 1044 3684 esuriuit
1065 3625 1099 3685 et
1118 3617 1183 3684 hoc
1204 3640 1267 3685 suo
1288 3620 1461 3709 magistro
1482 3618 1555 3687 iudi·

365 3740 470 3807 cauit.
484 3737 545 3805 Cui
557 3736 646 3803 dixit
661 3736 847 3824 magister:
866 3735 898 3800 si
914 3733 1070 3801 buccella
1081 3739 1141 3800 tua
1156 3732 1292 3800 modica
1307 3735 1419 3802 fuerit
1433 3743 1468 3804 et
1482 3735 1556 3803 dura

364 3854 406 3922 ad
422 3852 688 3932 comedendum,
704 3851 815 3939 ipsam
831 3849 990 3916 madesce
1007 3849 1178 3938 sanguine
1190 3847 1331 3916 Christi.
1346 3851 1416 3931 Qui
1435 3852 1499 3919 hoc
1516 3855 1556 3918 iu-

363 3971 538 4060 telligens,
555 3968 678 4035 ridens
698 3965 839 4033 lucella
859 3988 921 4031 sua
942 3965 1143 4054 ymaginem
1161 3965 1317 4032 crucilixi
1339 3965 1517 4056 depictam
1532 3971 1557 4033 et

364 4085 497 4153 habens
518 4086 553 4150 in
572 4107 679 4150 rnonu
699 4105 761 4149 sua
782 4079 975 4148 buccellam
998 4081 1096 4169 panis
1111 4087 1222 4148 artam
1246 4079 1288 4148 ad
1307 4082 1555 4151 comedendum

325 4263 332 4277 ,
364 4209 398 4269 et
420 4201 557 4280 duram,
579 4201 737 4290 cogitans
759 4196 801 4264 do
826 4195 984 4263 doctrina
1005 4196 1176 4286 magistri,
1197 4195 1284 4264 adiit
1304 4197 1347 4264 ad
1362 4201 1554 4290 ymaginem

363 4318 533 4396 crucifixi,
544 4323 578 4383 et
595 4315 693 4382 illam
712 4312 904 4381 buccellam
922 4313 1036 4400 posuit
1055 4313 1088 4377 in
1101 4312 1247 4379 vulnere
1263 4312 1398 4395 lateris,
1415 4320 1450 4382 et
1464 4333 1555 4404 super

363 4456 488 4522 panem
511 4432 690 4499 enranauit
703 4434 800 4521 gutta
817 4428 1011 4518 sanguinis,
1030 4434 1062 4493 et
1074 4428 1203 4517 gratias
1220 4427 1373 4497 reddidit
1385 4429 1554 4498 heneliriis

362 4549 505 4617 diuinis.
