3270 5626
214 521 260 572 3¹¹8
328 592 330 596 Α
540 519 691 571 ODONlS
718 518 897 574 FABULIS
924 517 1090 578 annm,

230 705 235 714 Ι
293 743 398 798 xxlll
426 742 539 816 (tvll).
568 775 602 786 -
629 744 680 800 DE
705 743 875 811 Quanam
902 742 1192 800 coniunctene
1219 744 1345 800 lNTEli

602 842 788 907 AQUILAM
815 842 862 896 ET
890 842 1037 898 aurbu.

283 1009 387 1078 Facta
405 1010 473 1078 fuit
491 1011 673 1078 contencio
692 1009 784 1078 inter
803 1009 970 1100 Aquilam
985 1015 1021 1079 et
1039 1010 1166 1078 Ratum
1182 1011 1265 1100 quis
1285 1033 1417 1079 eorum-

97 1191 103 1215 χ
215 1125 344 1194 clarius
363 1123 481 1194 videre
500 1125 639 1215 poterit.
656 1125 746 1217 (Fol.
765 1126 819 1212 lt)
836 1125 978 1193 Dicente
997 1125 1084 1193 Bato
1102 1125 1198 1215 quod
1217 1127 1328 1195 cicius
1350 1149 1420 1216 pre·

216 1240 297 1309 dam
309 1263 410 1309 suam
424 1240 511 1309 loeis
525 1240 719 1310 tenebrosis
738 1263 860 1332 capere
876 1241 982 1310 sciuit
994 1247 1031 1309 et
1042 1241 1163 1309 verius
1176 1240 1300 1310 videre
1319 1264 1419 1333 quam

216 1357 253 1424 iu
269 1356 358 1438 luce,
377 1357 458 1425 licet
472 1357 578 1424 luerit
593 1379 701 1446 parua
718 1358 811 1426 mica
826 1357 937 1446 panis,
952 1363 986 1425 et
999 1356 1044 1425 ab
1056 1357 1185 1447 Aquila
1204 1366 1374 1447 querente
1392 1359 1420 1425 si

216 1471 360 1561 predam
383 1495 482 1540 suam
509 1472 545 1540 in
565 1471 759 1541 tenebrosis
785 1472 904 1541 videre
932 1473 983 1541 sic
1005 1473 1133 1563 poterit
1154 1493 1162 1540 :
1184 1472 1279 1555 Non,
1301 1473 1422 1564 inquid

216 1587 360 1678 Aquile;
378 1586 444 1656 hoc
463 1611 533 1655 non
550 1587 662 1656 habeo
677 1611 719 1656 ex
739 1594 876 1657 notura.
900 1589 1001 1679 Ergo,
1022 1589 1070 1656 uit
1092 1588 1213 1671 Batus,
1236 1588 1370 1657 clarius
1388 1596 1420 1657 tc

217 1700 329 1770 video.
352 1701 463 1786 Certe,
486 1703 609 1793 inquid
629 1705 768 1795 Aquila,
783 1704 930 1807 'videtur
944 1702 1052 1772 michi
1067 1702 1161 1794 quod
1173 1703 1347 1772 deformis
1371 1711 1421 1773 est

216 1817 297 1885 talis
316 1825 454 1898 natura,
471 1820 533 1909 qui
553 1825 691 1888 tantum
710 1820 840 1911 gaudet
857 1826 891 1888 et
910 1824 1074 1910 operatur
1098 1820 1135 1886 in
1154 1818 1328 1902 tenebris,
1344 1839 1421 1888 eum

218 1933 334 2001 omnis
357 1934 530 2002 naturalis
554 1934 666 2002 bestie
685 1934 877 2004 delectatur
896 1936 934 2003 in
954 1934 1045 2018 luce,
1061 1934 1145 2025 quia
1158 1935 1223 2025 qui
1238 1935 1335 2004 male
1353 1936 1421 2026 agit

217 2047 291 2117 odit
302 2049 430 2131 lucem,
448 2050 539 2118 sicut
553 2056 603 2134 tu,
620 2050 791 2135 bubones
810 2050 1005 2141 buphones,
1020 2050 1245 2119 nieticoretes
1260 2059 1297 2119 et
1311 2057 1422 2119 cetere

150 2235 153 2239 .
218 2164 261 2234 de
280 2187 405 2256 spureo
425 2188 552 2257 genere
571 2166 738 2235 animalia
758 2168 950 2258 progenita,
965 2189 1046 2259 que,
1064 2165 1168 2235 velud
1185 2167 1343 2236 latrones
1361 2189 1419 2235 seu

218 2281 325 2364 iures,
342 2281 470 2349 viuunt
491 2280 534 2350 de
554 2282 693 2372 rapiua;
710 2289 764 2350 set
783 2283 904 2372 pocius
923 2280 1075 2371 probabo
1098 2283 1297 2350 claritatem
1320 2284 1421 2351 visio·

217 2397 274 2464 nis
296 2419 385 2479 mee,
409 2420 451 2465 ex
479 2395 544 2466 hoe
570 2397 662 2488 quod
692 2421 752 2466 rex
775 2420 853 2466 sum
878 2398 1038 2465 omnium
1057 2397 1257 2466 volatilium
1285 2399 1373 2489 (sic),
1388 2404 1421 2466 et

219 2512 312 2579 inter
331 2512 416 2580 alias
431 2513 579 2581 virtutes
598 2535 695 2582 meas
713 2513 993 2582 innumerabiles
1014 2513 1090 2581 loca
1108 2514 1206 2582 aeria
1229 2515 1298 2582 alis
1316 2536 1420 2604 pone·

219 2626 330 2711 trabo,
347 2626 456 2696 alcius
475 2628 572 2696 omni
592 2628 727 2697 volatili
750 2628 913 2711 volando,
935 2636 970 2699 et
992 2636 1238 2720 quantumque
1259 2629 1419 2720 superius

219 2743 256 2811 in
270 2766 349 2812 aere
364 2745 522 2812 eleuatus
538 2744 637 2812 fuero
652 2767 672 2813 a
687 2752 791 2827 terra,
808 2767 851 2812 ex
866 2744 1046 2837 prelucida
1060 2751 1199 2813 tentum
1215 2753 1251 2813 et
1266 2744 1418 2836 preclara

218 2859 354 2927 visione
367 2860 549 2927 oculorum
557 2882 717 2928 meorum
729 2862 766 2929 in
777 2860 961 2951 profundis
972 2860 1122 2928 vallibus
1130 2859 1278 2950 predam
1291 2883 1415 2944 meam,

221 2997 480 3065 quemeumque
498 2976 672 3066 exiguam.
691 2999 710 3043 a
726 2976 830 3067 longo
844 2976 1029 3066 prospicio,
1047 2982 1082 3042 et
1097 2976 1290 3065 aliquando
1307 2977 1414 3057 video,

219 3096 290 3157 tem
314 3090 476 3171 vallibus
502 3091 693 3167 montibus,
718 3093 845 3181 planis
868 3113 974 3182 quam
997 3092 1145 3181 sepltlis
1174 3092 1291 3174 siluis,
1321 3093 1416 3160 sessis

220 3204 379 3293 pluribus
396 3212 430 3272 et
449 3205 599 3274 diuersis
614 3207 760 3288 vicibus
779 3230 848 3274 uno
871 3209 940 3274 ictu
961 3207 1071 3289 oeuli;
1091 3206 1225 3295 ubique
1245 3207 1413 3277 desidero.

219 3319 347 3387 habere
368 3328 499 3410 potero,
524 3323 685 3412 eligendo
704 3331 740 3390 et
758 3321 1011 3404 descendendo
1028 3321 1121 3412 quod
1141 3322 1222 3389 volo
1239 3346 1304 3412 pro
1325 3324 1415 3391 libito

218 3438 328 3526 capio.
347 3437 417 3504 Hec
429 3445 512 3504 suut
531 3438 648 3519 verba,
667 3439 753 3506 dixit
775 3440 896 3522 Ratus;
913 3445 965 3506 set
980 3437 1167 3528 probemus
1183 3439 1219 3505 in
1236 3440 1329 3507 facto
1344 3440 1415 3530 quis

218 3560 377 3621 nostrum
394 3554 523 3621 elarius
540 3554 657 3622 videro
673 3555 809 3644 poterit.
823 3554 864 3621 Et
875 3553 1049 3643 quomodo
1065 3552 1212 3643 probare
1229 3558 1415 3643 poterimus

219 3668 325 3736 huius
341 3670 391 3736 rei
406 3672 601 3750 veritatem,
620 3670 708 3737 dixit
722 3669 863 3760 Aquila,
887 3670 956 3736 nisi
972 3691 1111 3737 mecum
1128 3691 1190 3757 per
1210 3693 1293 3739 aera
1308 3672 1415 3739 volare

219 3786 370 3875 poteris?
385 3786 447 3853 Cui
464 3787 549 3854 liato
567 3807 574 3853 ε
593 3786 630 3854 Si
646 3787 712 3866 vis,
730 3785 915 3853 ascendam
932 3784 1097 3852 humeros
1112 3791 1204 3857 tuos.
1223 3792 1259 3853 et
1275 3810 1331 3854 me
1346 3809 1417 3875 sup

220 3899 373 3988 portabis
387 3902 423 3968 in
437 3901 560 3984 altum,
579 3909 612 3969 et
632 3902 681 3968 sie
695 3900 877 3992 apparebit
891 3899 984 3990 quod
998 3922 1119 3967 verum
1136 3906 1199 3966 est.
1220 3900 1296 3968 lllis
1312 3904 1417 3970 taliter

220 4016 450 4099 concordatis
473 4016 681 4086 ascendente
702 4015 1254 4106 Ratosuper·seapulas1iquile,
1278 4039 1417 4107 suppor-

218 4132 306 4199 tauit
322 4155 401 4199 eum
423 4134 459 4200 in
480 4140 612 4199 tantam
633 4131 854 4199 altitudinem
875 4132 977 4212 aeris,
1000 4129 1092 4220 quod
1113 4132 1222 4197 Batus
1243 4133 1353 4200 nichil
1374 4132 1416 4198 vi·

219 4246 321 4313 debat
342 4247 383 4314 de
404 4255 507 4315 terra.
531 4248 626 4315 Tune
646 4249 694 4314 ait
722 4248 849 4337 Aquila
871 4267 878 4311 :
904 4247 976 4313 lam
996 4244 1097 4313 video
1118 4251 1264 4328 terram,
1288 4255 1414 4315 montes

218 4369 252 4428 et
265 4362 387 4446 vallea,
404 4371 437 4430 et
453 4363 616 4443 insessio,
637 4364 759 4441 soueis‚
774 4363 923 4451 septltlis
938 4360 1099 4436 diuersiS.
1118 4360 1293 4430 cadauera
1308 4365 1413 4431 iacen-

220 4477 277 4558 tia,
306 4477 348 4545 ad
377 4478 519 4567 predam
545 4502 658 4547 meam
685 4485 858 4569 paratura.
886 4477 928 4544 Et
951 4477 1040 4545 dixit
1063 4477 1148 4544 Rato
1171 4500 1178 4542 :
1204 4477 1331 4546 Nonne
1354 4481 1411 4545 isla

220 4591 338 4658 vides?
349 4592 414 4674 Qui
427 4595 605 4685 respondit
620 4616 627 4661 :
641 4594 669 4662 N
674 4593 754 4662 iebil
772 4601 950 4661 terrenum
967 4592 1079 4660 video.
1091 4592 1187 4659 Tune
1203 4595 1254 4661 ait
1268 4594 1407 4687 Aquilo:
