3270 5626
614 504 843 556 contremo
871 503 1014 556 rutila.
1367 504 1413 555 371

214 649 439 739 oplplortuna
458 647 541 714 fecit
559 645 723 716 beniuole
742 648 951 717 ministrari.
973 645 1034 714 Die
1054 652 1174 715 autem
1189 646 1340 731 lucente,
1353 670 1414 717 an-

214 764 314 856 gelus
339 763 511 831 infantem
536 763 573 831 in
597 764 698 832 cunis
722 765 895 833 iacentem
920 762 1156 854 strangulauit
1177 768 1213 831 et
1234 767 1412 832 mortuum

216 878 366 969 reliquid
382 877 471 969 (sic).
486 878 529 946 Et
543 878 593 948 sic
613 879 681 948 iter
699 880 908 971 arripientes
928 877 1103 947 abierunt.
1122 877 1299 947 Heremita
1317 901 1411 965 vero,

214 993 255 1064 de
280 995 356 1064 eius
376 992 542 1085 operibus
565 994 693 1064 timens
714 1001 749 1064 et
767 996 995 1088 stupefactus,
1017 995 1066 1062 ila
1089 1015 1171 1061 eum
1194 994 1411 1085 alloquitur:

215 1109 326 1194 Certe,
343 1109 481 1201 inquid,
503 1133 575 1179 non
595 1109 728 1179 bonum
748 1111 927 1202 angelum,
944 1116 997 1178 set
1018 1108 1204 1178 demonem
1224 1116 1257 1178 te
1277 1116 1411 1200 reputo,

214 1227 297 1318 quia
324 1227 375 1295 sic
404 1233 523 1317 aperte
548 1249 654 1317 opera
679 1234 740 1296 tua
763 1232 949 1295 testantur.
985 1226 1048 1295 Cui
1073 1225 1221 1311 angelus
1245 1246 1253 1295 :
1279 1225 1412 1309 Frater,

212 1341 314 1411 crede
332 1340 442 1411 michi
456 1341 551 1433 quod
565 1364 650 1411 uere
670 1343 732 1412 Dei
752 1343 899 1435 angelus
918 1363 998 1410 sum
1013 1363 1091 1433 ego,
1113 1347 1148 1410 et
1167 1340 1210 1410 ab
1225 1341 1302 1433 ipso
1317 1340 1361 1410 ad
1380 1349 1414 1411 te

214 1458 356 1542 missus,
373 1463 412 1526 vt
428 1480 492 1548 per
505 1480 623 1549 opera,
645 1457 798 1550 quoiam
818 1464 852 1526 te
868 1457 1010 1526 vidente
1031 1457 1163 1548 peregi,
1187 1457 1364 1549 intelligas
1379 1463 1416 1525 et

214 1570 374 1641 addiscas
390 1578 429 1641 vt
447 1573 596 1642 ulterius
616 1573 659 1643 de
679 1573 843 1664 operibus
866 1573 928 1642 Dei
947 1571 1103 1641 iudicare
1128 1594 1200 1641 non
1220 1594 1413 1663 presumas,

214 1709 280 1757 nec
298 1693 421 1757 contra
439 1710 521 1756 eum
536 1688 665 1758 audeas
684 1711 920 1770 murmurare,
937 1689 1021 1780 quia
1035 1689 1263 1758 temerarium
1278 1695 1331 1757 est
1348 1694 1417 1757 eta

216 1803 287 1872 Deo
311 1801 545 1895 prohibitum.
566 1803 666 1873 Vnde
690 1811 833 1895 propter
853 1803 920 1873 boc
941 1805 1035 1886 veni,
1057 1810 1094 1872 vt
1117 1803 1182 1872 tibi
1204 1803 1416 1873 desiderium

215 1940 321 1988 suum
341 1919 616 1988 manifestarem.
631 1919 818 2012 depositio.
835 1919 935 1988 Vnde
950 1919 1075 2011 primo,
1092 1919 1150 1988 vbi
1161 1917 1253 2009 apud
1267 1925 1404 2009 patrem

215 2034 370 2103 familias
388 2034 521 2104 luimus
541 2033 720 2126 hospitati,
742 2037 819 2104 eius
839 2034 982 2125 ciphum
1001 2034 1132 2103 abstuli
1155 2034 1221 2103 hac
1234 2033 1276 2103 de
1296 2057 1414 2118 causa,

216 2149 299 2240 quia
315 2155 458 2219 sanctus
479 2157 553 2220 erat
572 2151 633 2219 ille
647 2157 682 2219 et
701 2151 773 2219 Deo
792 2149 957 2232 deuotus;
979 2157 1032 2218 set
1052 2151 1136 2242 quia
1150 2150 1253 2218 illum
1272 2150 1416 2241 ciphum

216 2266 369 2334 multum
389 2264 514 2335 babuit
527 2265 637 2349 cordi,
655 2266 703 2335 ita
717 2288 781 2356 per
791 2266 898 2335 talem
910 2288 1066 2335 amorem
1082 2265 1124 2335 ab
1139 2287 1257 2334 amore
1277 2266 1339 2334 Dei
1354 2265 1417 2334 ali-

215 2381 429 2472 quantulum
444 2381 640 2451 declinaret
658 2391 693 2450 et
711 2383 761 2450 sic
781 2381 1011 2451 decrescendo
1031 2382 1207 2472 premium
1222 2379 1415 2463 amitteret;

215 2503 251 2566 et
267 2497 372 2566 illum
401 2496 545 2588 ciphum
570 2499 723 2588 pessimo
746 2496 882 2565 homini
907 2504 1008 2566 nocte
1032 2504 1198 2588 sequente
1218 2495 1357 2579 tradidi,
1381 2503 1419 2565 vt

214 2634 277 2703 pro
291 2635 398 2703 opere
418 2611 520 2682 nobis
536 2635 599 2704 per
616 2614 732 2703 ipsum
752 2612 879 2682 collato
898 2619 1197 2696 remuneraretur,
1214 2614 1297 2704 quia
1316 2611 1418 2682 bonis

215 2729 347 2797 eternis
367 2735 422 2797 est
443 2729 615 2819 priuatus.
636 2728 859 2798 Senescallus
883 2735 1013 2812 autem,
1031 2729 1092 2820 qui
1112 2729 1149 2795 in
1171 2726 1319 2796 flumine
1345 2735 1419 2797 erat

214 2843 454 2934 precipitatus,
471 2844 644 2934 iniqu[u]s
664 2850 698 2912 et
717 2844 920 2912 maliciosus
941 2850 1028 2926 erat,
1048 2866 1088 2912 ae
1107 2843 1226 2925 etiam,
1246 2844 1277 2911 si
1296 2844 1417 2912 viuere
1467 2876 1470 2881 ·
1566 2875 1568 2879 ¹

214 2960 398 3048 potuisset,
410 2980 593 3051 nunquam
609 2981 646 3028 se
662 2958 851 3028 emendare
865 2965 1022 3028 curasset
1032 2966 1066 3027 et
1079 2965 1213 3050 quanto
1227 2957 1365 3028 diucius
1381 2959 1418 3027 in

214 3074 319 3164 culpa
334 3080 567 3164 permaneret,
588 3080 687 3143 tanto
707 3075 832 3143 acriori
854 3097 946 3164 pena
965 3075 1003 3142 in
1023 3075 1162 3143 inferno
1181 3081 1416 3165 torqueretur,

214 3196 250 3260 et
263 3187 344 3259 ideo
355 3190 531 3258 extinctus
546 3196 610 3273 est,
628 3196 665 3258 vt
679 3212 774 3258 mors
793 3189 894 3280 vicijs
913 3189 1021 3258 finem
1041 3189 1209 3280 imponat,
1226 3197 1261 3258 et
1280 3190 1333 3258 illi
1354 3192 1419 3259 mi-

214 3326 293 3374 sero
314 3326 405 3395 pena
423 3305 538 3374 leuior
558 3305 741 3373 inferatur.
764 3305 812 3373 De
832 3327 941 3396 puero
959 3311 1091 3388 autem,
1115 3327 1221 3397 quem
1250 3306 1288 3374 in
1312 3328 1420 3375 cuna-

214 3419 299 3489 bilis
319 3419 553 3512 strangulaui,
579 3422 625 3488 sit
651 3419 715 3488 tibi
740 3427 865 3489 nolum
890 3420 984 3511 quod
1003 3427 1108 3510 'paler
1134 3429 1168 3489 et
1191 3428 1304 3490 mater
1325 3423 1419 3490 eius-

214 3535 297 3604 dem
320 3542 401 3604 ante
420 3543 537 3604 ortum
557 3534 641 3604 dicti
660 3535 760 3626 pueri
780 3535 822 3605 de
844 3535 946 3604 bonis
968 3537 1043 3604 suis
1062 3535 1130 3604 sibi
1150 3560 1170 3605 a
1192 3537 1263 3606 Deo
1282 3536 1418 3605 collatis

215 3651 476 3741 ele[e]m0sinas
495 3658 530 3720 et
548 3650 619 3719 alia
638 3673 744 3741 opera
758 3653 913 3720 caritatis
928 3652 1088 3743 largiflue
1103 3652 1278 3735 iecerunt;
1295 3658 1358 3734 set,
1376 3674 1418 3719 ex

213 3789 286 3858 quo
308 3773 412 3836 natus
434 3773 488 3836 est
510 3788 610 3857 puer,
638 3765 768 3834 talibus
797 3789 870 3851 nou
897 3766 1138 3850 intenderunt,
1168 3773 1221 3835 set
1246 3788 1351 3835 auare
1376 3765 1419 3835 ad

215 3881 382 3951 heredem
404 3883 546 3951 nouiter
570 3888 695 3950 natum
718 3882 947 3973 collegerunt,
974 3889 1012 3951 vt
1035 3888 1070 3951 et
1090 3882 1165 3975 ipse
1184 3881 1285 3951 diues
1306 3881 1416 3966 fieret,

214 3997 384 4067 tenaciter
406 3996 642 4066 detenuerunt
671 3997 760 4088 (sic),
785 4004 820 4066 et
848 3996 990 4080 idcirco,
1019 3999 1089 4066 nisi
1116 4020 1205 4088 puer
1229 3998 1419 4066 suffocatus

213 4113 352 4198 fuisset,
373 4134 434 4203 pre
453 4134 573 4182 amore
589 4112 686 4180 illius
701 4117 872 4181 eteorum
892 4114 1048 4182 auaricia
1066 4112 1354 4204 dampnarentur.
1377 4111 1420 4179 Et

214 4229 266 4298 aio
285 4229 412 4297 accidit
426 4227 468 4297 de
483 4227 709 4297 mirabilibus
723 4227 889 4319 operibus
904 4228 978 4296 Dei.
997 4229 1040 4297 Et
1054 4227 1124 4296 hiis
1142 4227 1243 4297 dictis
1258 4229 1416 4310 euanuit,

215 4351 250 4414 et
264 4343 449 4429 heremita,
464 4366 507 4413 ex
521 4343 703 4433 premissis
719 4342 808 4412 bene
824 4343 996 4426 eruditus,
1013 4344 1055 4413 ad
1071 4342 1213 4434 propria
1232 4343 1415 4425 remeauit,

215 4468 251 4529 et
268 4461 443 4529 motiones
466 4457 669 4527 huiusmodi
685 4482 705 4526 a
724 4466 842 4527 mente
862 4481 928 4528 sua
950 4461 1091 4548 penitus
1110 4457 1319 4549 expellebat,
1346 4459 1418 4527 Deo

214 4577 347 4667 gratias
362 4576 401 4643 in
420 4573 586 4643 omnibus
605 4572 815 4642 exhibendo.
