<?xml version="1.0" encoding="UTF-8"?>
<!DOCTYPE html PUBLIC "-//W3C//DTD XHTML 1.0 Transitional//EN"
    "http://www.w3.org/TR/xhtml1/DTD/xhtml1-transitional.dtd">
<html xmlns="http://www.w3.org/1999/xhtml" xml:lang="en" lang="en">
 <head>
  <title>
</title>
<meta http-equiv="Content-Type" content="text/html;charset=utf-8" />
  <meta name='ocr-system' content='tesseract 3.04.00' />
  <meta name='ocr-capabilities' content='ocr_page ocr_carea ocr_par ocr_line ocrx_word'/>
</head>
<body>
  <div class='ocr_page' id='page_1' title='image "./lesfabulistesla00hervgoog_0361.png"; bbox 0 0 3270 5626; ppageno 0'>
   <div class='ocr_carea' id='block_1_1' title="bbox 110 489 1200 556">
    <p class='ocr_par' dir='ltr' id='par_1_1' title="bbox 110 489 1200 556">
     <span class='ocr_line' id='line_1_1' title="bbox 110 489 1200 556; baseline 0.006 -6"><span class='ocrx_word' id='word_1_1' title='bbox 110 499 219 551; x_wconf 80' lang='lat' dir='ltr'><strong>vans</strong></span> <span class='ocrx_word' id='word_1_2' title='bbox 246 489 365 553; x_wconf 75' lang='lat' dir='ltr'><strong>crans</strong></span> <span class='ocrx_word' id='word_1_3' title='bbox 391 503 472 554; x_wconf 72' lang='lat' dir='ltr'><strong>ran</strong></span> <span class='ocrx_word' id='word_1_4' title='bbox 497 503 630 555; x_wconf 78' lang='lat' dir='ltr'><strong>anons</strong></span> <span class='ocrx_word' id='word_1_5' title='bbox 657 502 765 554; x_wconf 79' lang='lat' dir='ltr'><strong>anns</strong></span> <span class='ocrx_word' id='word_1_6' title='bbox 790 501 864 553; x_wconf 78' lang='lat' dir='ltr'><strong>sas</strong></span> <span class='ocrx_word' id='word_1_7' title='bbox 886 500 1089 555; x_wconf 79' lang='lat' dir='ltr'><strong>sannons</strong></span> <span class='ocrx_word' id='word_1_8' title='bbox 1153 507 1200 556; x_wconf 80' lang='lat' dir='ltr'><strong>aro</strong></span> 
     </span>
    </p>
   </div>
   <div class='ocr_carea' id='block_1_2' title="bbox 531 689 670 758">
    <p class='ocr_par' dir='ltr' id='par_1_2' title="bbox 531 689 670 758">
     <span class='ocr_line' id='line_1_2' title="bbox 531 689 670 758; baseline 0.022 -3"><span class='ocrx_word' id='word_1_9' title='bbox 531 689 670 758; x_wconf 65' lang='lat' dir='ltr'><strong>norica.</strong></span> 
     </span>
    </p>
   </div>
   <div class='ocr_carea' id='block_1_3' title="bbox 421 870 770 1541">
    <p class='ocr_par' dir='ltr' id='par_1_3' title="bbox 421 870 770 1541">
     <span class='ocr_line' id='line_1_3' title="bbox 424 870 679 961; baseline 0.004 -23"><span class='ocrx_word' id='word_1_10' title='bbox 424 870 556 939; x_wconf 88' lang='lat' dir='ltr'><strong>Gaudia</strong></span> <span class='ocrx_word' id='word_1_11' title='bbox 576 871 679 961; x_wconf 83' lang='lat' dir='ltr'>pello,</span> 
     </span>
     <span class='ocr_line' id='line_1_4' title="bbox 424 986 716 1070; baseline 0.007 -18"><span class='ocrx_word' id='word_1_12' title='bbox 424 986 520 1054; x_wconf 83' lang='lat' dir='ltr'>Pelle</span> <span class='ocrx_word' id='word_1_13' title='bbox 542 987 716 1070; x_wconf 81' lang='lat' dir='ltr'><strong>timorem,</strong></span> 
     </span>
     <span class='ocr_line' id='line_1_5' title="bbox 423 1101 749 1194; baseline 0.009 -26"><span class='ocrx_word' id='word_1_14' title='bbox 423 1101 596 1192; x_wconf 81' lang='lat' dir='ltr'>Spemque</span> <span class='ocrx_word' id='word_1_15' title='bbox 616 1103 749 1194; x_wconf 81' lang='lat' dir='ltr'><strong>fugato,</strong></span> 
     </span>
     <span class='ocr_line' id='line_1_6' title="bbox 422 1216 733 1287; baseline 0.006 -3"><span class='ocrx_word' id='word_1_16' title='bbox 422 1216 493 1285; x_wconf 81' lang='lat' dir='ltr'><strong>Neo</strong></span> <span class='ocrx_word' id='word_1_17' title='bbox 513 1216 612 1286; x_wconf 92' lang='lat' dir='ltr'><strong>dolor</strong></span> <span class='ocrx_word' id='word_1_18' title='bbox 631 1218 733 1287; x_wconf 85' lang='lat' dir='ltr'><strong>absit.</strong></span> 
     </span>
     <span class='ocr_line' id='line_1_7' title="bbox 421 1333 753 1417; baseline 0.003 -15"><span class='ocrx_word' id='word_1_19' title='bbox 421 1333 551 1402; x_wconf 87' lang='lat' dir='ltr'>Nubila</span> <span class='ocrx_word' id='word_1_20' title='bbox 569 1357 670 1403; x_wconf 87' lang='lat' dir='ltr'><strong>mens</strong></span> <span class='ocrx_word' id='word_1_21' title='bbox 690 1342 753 1417; x_wconf 80' lang='lat' dir='ltr'><strong>ost,</strong></span> 
     </span>
     <span class='ocr_line' id='line_1_8' title="bbox 427 1449 770 1541; baseline 0.006 -25"><span class='ocrx_word' id='word_1_22' title='bbox 427 1449 508 1518; x_wconf 80' lang='lat' dir='ltr'><strong>Haeo</strong></span> <span class='ocrx_word' id='word_1_23' title='bbox 528 1450 589 1518; x_wconf 91' lang='lat' dir='ltr'><strong>ubi</strong></span> <span class='ocrx_word' id='word_1_24' title='bbox 609 1457 770 1541; x_wconf 83' lang='lat' dir='ltr'><strong>regnant.</strong></span> 
     </span>
    </p>
   </div>
   <div class='ocr_carea' id='block_1_4' title="bbox 243 1608 1091 1685">
    <p class='ocr_par' dir='ltr' id='par_1_4' title="bbox 243 1608 1091 1685">
     <span class='ocr_line' id='line_1_9' title="bbox 243 1608 1091 1685; baseline 0.009 -22"><span class='ocrx_word' id='word_1_25' title='bbox 243 1610 281 1664; x_wconf 86' lang='lat' dir='ltr'><strong>De</strong></span> <span class='ocrx_word' id='word_1_26' title='bbox 297 1608 488 1666; x_wconf 74' lang='lat' dir='ltr'><em>Consolatione</em></span> <span class='ocrx_word' id='word_1_27' title='bbox 501 1611 687 1683; x_wconf 69' lang='lat' dir='ltr'><strong>philosophia,</strong></span> <span class='ocrx_word' id='word_1_28' title='bbox 703 1611 722 1666; x_wconf 94' lang='lat' dir='ltr'><strong>l.</strong></span> <span class='ocrx_word' id='word_1_29' title='bbox 740 1612 762 1680; x_wconf 85' lang='lat'><strong>1,</strong></span> <span class='ocrx_word' id='word_1_30' title='bbox 778 1617 906 1668; x_wconf 79' lang='lat' dir='ltr'><strong>matrum</strong></span> <span class='ocrx_word' id='word_1_31' title='bbox 921 1615 1091 1685; x_wconf 82' lang='lat' dir='ltr'><strong>septimum.</strong></span> 
     </span>
    </p>
   </div>
   <div class='ocr_carea' id='block_1_5' title="bbox 113 1812 938 1906">
    <p class='ocr_par' dir='ltr' id='par_1_5' title="bbox 113 1812 938 1906">
     <span class='ocr_line' id='line_1_10' title="bbox 113 1812 938 1906; baseline 0.005 -26"><span class='ocrx_word' id='word_1_32' title='bbox 113 1812 204 1894; x_wconf 78' lang='lat' dir='ltr'><strong>Quid</strong></span> <span class='ocrx_word' id='word_1_33' title='bbox 224 1814 371 1906; x_wconf 84' lang='lat' dir='ltr'><strong>dignum</strong></span> <span class='ocrx_word' id='word_1_34' title='bbox 392 1814 528 1883; x_wconf 78' lang='lat' dir='ltr'><strong>stolidis</strong></span> <span class='ocrx_word' id='word_1_35' title='bbox 545 1816 725 1884; x_wconf 80' lang='lat' dir='ltr'><strong>montibus</strong></span> <span class='ocrx_word' id='word_1_36' title='bbox 746 1818 938 1906; x_wconf 81' lang='lat' dir='ltr'><strong>imprecer?</strong></span> 
     </span>
    </p>
   </div>
   <div class='ocr_carea' id='block_1_6' title="bbox 577 1985 1093 2057">
    <p class='ocr_par' dir='ltr' id='par_1_6' title="bbox 577 1985 1093 2057">
     <span class='ocr_line' id='line_1_11' title="bbox 577 1985 1093 2057; baseline 0.006 -16"><span class='ocrx_word' id='word_1_37' title='bbox 577 1985 690 2057; x_wconf 73' lang='lat' dir='ltr'><strong>Ibidem,</strong></span> <span class='ocrx_word' id='word_1_38' title='bbox 706 1985 726 2043; x_wconf 92' lang='lat' dir='ltr'><strong>l.</strong></span> <span class='ocrx_word' id='word_1_39' title='bbox 741 1989 788 2052; x_wconf 82' lang='grc' dir='ltr'>ΙΙΙ,</span> <span class='ocrx_word' id='word_1_40' title='bbox 804 1994 933 2044; x_wconf 79' lang='lat' dir='ltr'><strong>matrum</strong></span> <span class='ocrx_word' id='word_1_41' title='bbox 947 1994 1093 2046; x_wconf 80' lang='lat' dir='ltr'><strong>octavum.</strong></span> 
     </span>
    </p>
   </div>
   <div class='ocr_carea' id='block_1_7' title="bbox 361 2349 841 2433">
    <p class='ocr_par' dir='ltr' id='par_1_7' title="bbox 361 2349 841 2433">
     <span class='ocr_line' id='line_1_12' title="bbox 361 2349 841 2433; baseline 0.015 -19"><span class='ocrx_word' id='word_1_42' title='bbox 361 2351 434 2433; x_wconf 67' lang='lat'><strong>§2</strong></span> <span class='ocrx_word' id='word_1_43' title='bbox 460 2390 504 2399; x_wconf 94' lang='lat'><em>-</em></span> <span class='ocrx_word' id='word_1_44' title='bbox 527 2349 699 2419; x_wconf 86' lang='lat' dir='ltr'><strong>MOYEN</strong></span> <span class='ocrx_word' id='word_1_45' title='bbox 731 2352 841 2420; x_wconf 69' lang='grc' dir='ltr'><strong>ΑΘΕ.</strong></span> 
     </span>
    </p>
   </div>
   <div class='ocr_carea' id='block_1_8' title="bbox 410 2594 783 2684">
    <p class='ocr_par' dir='ltr' id='par_1_8' title="bbox 410 2594 783 2684">
     <span class='ocr_line' id='line_1_13' title="bbox 410 2594 783 2684; baseline 0.008 -4"><span class='ocrx_word' id='word_1_46' title='bbox 410 2632 439 2681; x_wconf 77' lang='lat'><strong>10</strong></span> <span class='ocrx_word' id='word_1_47' title='bbox 467 2594 569 2683; x_wconf 74' lang='lat' dir='ltr'><strong>vans</strong></span> <span class='ocrx_word' id='word_1_48' title='bbox 599 2618 783 2684; x_wconf 76' lang='lat' dir='ltr'><strong>rsonrns.</strong></span> 
     </span>
    </p>
   </div>
   <div class='ocr_carea' id='block_1_9' title="bbox 114 2830 962 3036">
    <p class='ocr_par' dir='ltr' id='par_1_9' title="bbox 114 2830 962 3036">
     <span class='ocr_line' id='line_1_14' title="bbox 114 2830 962 2921; baseline 0.006 -25"><span class='ocrx_word' id='word_1_49' title='bbox 114 2830 246 2912; x_wconf 70' lang='lat' dir='ltr'><strong>Vestia,</strong></span> <span class='ocrx_word' id='word_1_50' title='bbox 269 2836 361 2921; x_wconf 81' lang='lat' dir='ltr'><strong>poia,</strong></span> <span class='ocrx_word' id='word_1_51' title='bbox 384 2831 473 2914; x_wconf 84' lang='lat' dir='ltr'><strong>ciba,</strong></span> <span class='ocrx_word' id='word_1_52' title='bbox 495 2837 626 2900; x_wconf 80' lang='lat' dir='ltr'><strong>tectum</strong></span> <span class='ocrx_word' id='word_1_53' title='bbox 647 2831 702 2914; x_wconf 90' lang='lat' dir='ltr'><strong>do,</strong></span> <span class='ocrx_word' id='word_1_54' title='bbox 723 2834 841 2916; x_wconf 78' lang='lat' dir='ltr'><strong>visito,</strong></span> <span class='ocrx_word' id='word_1_55' title='bbox 865 2833 962 2901; x_wconf 91' lang='lat' dir='ltr'><strong>solvo</strong></span> 
     </span>
     <span class='ocr_line' id='line_1_15' title="bbox 114 2946 442 3036; baseline 0 -24"><span class='ocrx_word' id='word_1_56' title='bbox 114 2946 156 3012; x_wconf 77' lang='lat' dir='ltr'><strong>Er</strong></span> <span class='ocrx_word' id='word_1_57' title='bbox 176 2946 325 3036; x_wconf 80' lang='lat' dir='ltr'><strong>sepelire</strong></span> <span class='ocrx_word' id='word_1_58' title='bbox 346 2969 442 3036; x_wconf 91' lang='lat' dir='ltr'><strong>paro.</strong></span> 
     </span>
    </p>
   </div>
   <div class='ocr_carea' id='block_1_10' title="bbox 115 3178 957 3269">
    <p class='ocr_par' dir='ltr' id='par_1_10' title="bbox 115 3178 957 3269">
     <span class='ocr_line' id='line_1_16' title="bbox 115 3178 957 3269; baseline 0.004 -25"><span class='ocrx_word' id='word_1_59' title='bbox 115 3178 163 3244; x_wconf 86' lang='lat' dir='ltr'><strong>Ex</strong></span> <span class='ocrx_word' id='word_1_60' title='bbox 184 3201 253 3264; x_wconf 81' lang='lat' dir='ltr'><strong>quo</strong></span> <span class='ocrx_word' id='word_1_61' title='bbox 273 3179 353 3269; x_wconf 91' lang='lat' dir='ltr'><strong>quis</strong></span> <span class='ocrx_word' id='word_1_62' title='bbox 372 3180 524 3247; x_wconf 83' lang='lat' dir='ltr'><strong>moritur</strong></span> <span class='ocrx_word' id='word_1_63' title='bbox 542 3178 722 3247; x_wconf 86' lang='lat' dir='ltr'><strong>vermibus</strong></span> <span class='ocrx_word' id='word_1_64' title='bbox 743 3202 822 3248; x_wconf 80' lang='lat' dir='ltr'><strong>asoa</strong></span> <span class='ocrx_word' id='word_1_65' title='bbox 843 3179 957 3248; x_wconf 81' lang='lat' dir='ltr'><strong>datur.</strong></span> 
     </span>
    </p>
   </div>
   <div class='ocr_carea' id='block_1_11' title="bbox 115 3409 1081 3618">
    <p class='ocr_par' dir='ltr' id='par_1_11' title="bbox 115 3409 1081 3618">
     <span class='ocr_line' id='line_1_17' title="bbox 115 3409 909 3501; baseline 0.001 -25"><span class='ocrx_word' id='word_1_66' title='bbox 115 3409 159 3476; x_wconf 70' lang='lat' dir='ltr'><strong>L&#39;t</strong></span> <span class='ocrx_word' id='word_1_67' title='bbox 176 3409 376 3477; x_wconf 86' lang='lat' dir='ltr'><strong>Pollicanus</strong></span> <span class='ocrx_word' id='word_1_68' title='bbox 397 3412 435 3478; x_wconf 84' lang='lat' dir='ltr'><strong>fit</strong></span> <span class='ocrx_word' id='word_1_69' title='bbox 454 3412 576 3479; x_wconf 81' lang='lat' dir='ltr'><strong>matris</strong></span> <span class='ocrx_word' id='word_1_70' title='bbox 597 3411 768 3501; x_wconf 82' lang='lat' dir='ltr'><strong>sanguine</strong></span> <span class='ocrx_word' id='word_1_71' title='bbox 790 3434 909 3494; x_wconf 89' lang='lat' dir='ltr'><strong>sanus,</strong></span> 
     </span>
     <span class='ocr_line' id='line_1_18' title="bbox 115 3525 1081 3618; baseline 0.001 -25"><span class='ocrx_word' id='word_1_72' title='bbox 115 3525 169 3593; x_wconf 88' lang='lat' dir='ltr'><strong>Sic</strong></span> <span class='ocrx_word' id='word_1_73' title='bbox 188 3548 301 3616; x_wconf 81' lang='lat' dir='ltr'><strong>genus</strong></span> <span class='ocrx_word' id='word_1_74' title='bbox 322 3525 517 3594; x_wconf 89' lang='lat' dir='ltr'><strong>humanum</strong></span> <span class='ocrx_word' id='word_1_75' title='bbox 538 3528 578 3594; x_wconf 84' lang='lat' dir='ltr'><strong>fit</strong></span> <span class='ocrx_word' id='word_1_76' title='bbox 596 3527 724 3594; x_wconf 82' lang='lat' dir='ltr'><strong>Christi</strong></span> <span class='ocrx_word' id='word_1_77' title='bbox 746 3529 921 3618; x_wconf 86' lang='lat' dir='ltr'><strong>sanguino</strong></span> <span class='ocrx_word' id='word_1_78' title='bbox 944 3550 1081 3596; x_wconf 88' lang='lat' dir='ltr'><strong>sanum.</strong></span> 
     </span>
    </p>
   </div>
   <div class='ocr_carea' id='block_1_12' title="bbox 114 3758 1020 3959">
    <p class='ocr_par' dir='ltr' id='par_1_12' title="bbox 114 3758 1020 3959">
     <span class='ocr_line' id='line_1_19' title="bbox 115 3758 1020 3852; baseline 0.006 -28"><span class='ocrx_word' id='word_1_79' title='bbox 115 3758 153 3826; x_wconf 94' lang='lat' dir='ltr'><strong>ln</strong></span> <span class='ocrx_word' id='word_1_80' title='bbox 173 3760 324 3828; x_wconf 80' lang='lat' dir='ltr'><strong>claustro</strong></span> <span class='ocrx_word' id='word_1_81' title='bbox 344 3760 472 3828; x_wconf 79' lang='lat' dir='ltr'><strong>Christi</strong></span> <span class='ocrx_word' id='word_1_82' title='bbox 488 3766 571 3828; x_wconf 81' lang='lat' dir='ltr'><strong>suni</strong></span> <span class='ocrx_word' id='word_1_83' title='bbox 590 3782 728 3850; x_wconf 79' lang='lat' dir='ltr'><strong>sempor</strong></span> <span class='ocrx_word' id='word_1_84' title='bbox 747 3766 913 3852; x_wconf 77' lang='lat' dir='ltr'><strong>quattuor</strong></span> <span class='ocrx_word' id='word_1_85' title='bbox 932 3762 989 3828; x_wconf 85' lang='lat' dir='ltr'><strong>isti</strong></span> <span class='ocrx_word' id='word_1_86' title='bbox 1013 3783 1020 3830; x_wconf 92' lang='lat'>:</span> 
     </span>
     <span class='ocr_line' id='line_1_20' title="bbox 114 3875 949 3959; baseline 0.002 -17"><span class='ocrx_word' id='word_1_87' title='bbox 114 3876 200 3942; x_wconf 87' lang='lat' dir='ltr'><strong>Cum</strong></span> <span class='ocrx_word' id='word_1_88' title='bbox 220 3875 325 3943; x_wconf 85' lang='lat' dir='ltr'><strong>Giosu</strong></span> <span class='ocrx_word' id='word_1_89' title='bbox 340 3875 458 3959; x_wconf 76' lang='lat' dir='ltr'><strong>iudas,</strong></span> <span class='ocrx_word' id='word_1_90' title='bbox 481 3898 561 3944; x_wconf 91' lang='lat' dir='ltr'><strong>cum</strong></span> <span class='ocrx_word' id='word_1_91' title='bbox 582 3877 685 3944; x_wconf 79' lang='lat' dir='ltr'><strong>Petro</strong></span> <span class='ocrx_word' id='word_1_92' title='bbox 705 3876 762 3944; x_wconf 81' lang='lat' dir='ltr'><strong>fur</strong></span> <span class='ocrx_word' id='word_1_93' title='bbox 780 3876 949 3945; x_wconf 78' lang='lat' dir='ltr'><strong>Ananias.</strong></span> 
     </span>
    </p>
   </div>
   <div class='ocr_carea' id='block_1_13' title="bbox 114 4106 1167 4314">
    <p class='ocr_par' dir='ltr' id='par_1_13' title="bbox 114 4106 1167 4314">
     <span class='ocr_line' id='line_1_21' title="bbox 114 4106 1167 4199; baseline 0 -25"><span class='ocrx_word' id='word_1_94' title='bbox 114 4107 202 4175; x_wconf 80' lang='lat' dir='ltr'><strong>Sunt</strong></span> <span class='ocrx_word' id='word_1_95' title='bbox 223 4109 290 4175; x_wconf 81' lang='lat' dir='ltr'><strong>tria</strong></span> <span class='ocrx_word' id='word_1_96' title='bbox 309 4130 387 4198; x_wconf 70' lang='lat' dir='ltr'><strong>quar</strong></span> <span class='ocrx_word' id='word_1_97' title='bbox 407 4108 547 4198; x_wconf 85' lang='lat' dir='ltr'><strong>signas:</strong></span> <span class='ocrx_word' id='word_1_98' title='bbox 570 4131 641 4189; x_wconf 88' lang='lat' dir='ltr'><strong>vas,</strong></span> <span class='ocrx_word' id='word_1_99' title='bbox 659 4108 741 4176; x_wconf 85' lang='lat' dir='ltr'><strong>thus</strong></span> <span class='ocrx_word' id='word_1_100' title='bbox 761 4106 846 4198; x_wconf 88' lang='lat' dir='ltr'><strong>quid</strong></span> <span class='ocrx_word' id='word_1_101' title='bbox 867 4108 982 4197; x_wconf 85' lang='lat' dir='ltr'><strong>signet</strong></span> <span class='ocrx_word' id='word_1_102' title='bbox 997 4114 1031 4175; x_wconf 86' lang='lat' dir='ltr'><strong>ot</strong></span> <span class='ocrx_word' id='word_1_103' title='bbox 1050 4107 1167 4199; x_wconf 82' lang='lat' dir='ltr'><strong>ignos;</strong></span> 
     </span>
     <span class='ocr_line' id='line_1_22' title="bbox 114 4222 1087 4314; baseline 0.003 -27"><span class='ocrx_word' id='word_1_104' title='bbox 114 4222 181 4289; x_wconf 90' lang='lat' dir='ltr'><strong>Vas</strong></span> <span class='ocrx_word' id='word_1_105' title='bbox 197 4223 314 4304; x_wconf 88' lang='lat' dir='ltr'><em>homo,</em></span> <span class='ocrx_word' id='word_1_106' title='bbox 337 4223 420 4290; x_wconf 84' lang='lat' dir='ltr'><strong>thus</strong></span> <span class='ocrx_word' id='word_1_107' title='bbox 435 4223 604 4313; x_wconf 87' lang='lat' dir='ltr'><strong>psalmus,</strong></span> <span class='ocrx_word' id='word_1_108' title='bbox 626 4224 718 4314; x_wconf 86' lang='lat' dir='ltr'><strong>ignis</strong></span> <span class='ocrx_word' id='word_1_109' title='bbox 734 4224 780 4291; x_wconf 78' lang='lat' dir='ltr'><strong>sit</strong></span> <span class='ocrx_word' id='word_1_110' title='bbox 796 4224 940 4313; x_wconf 82' lang='lat' dir='ltr'><strong>spiritus</strong></span> <span class='ocrx_word' id='word_1_111' title='bbox 959 4222 1087 4291; x_wconf 90' lang='lat' dir='ltr'><strong>almus.</strong></span> 
     </span>
    </p>
   </div>
   <div class='ocr_carea' id='block_1_14' title="bbox 111 4453 995 4640">
    <p class='ocr_par' dir='ltr' id='par_1_14' title="bbox 111 4453 995 4640">
     <span class='ocr_line' id='line_1_23' title="bbox 111 4453 995 4544; baseline 0.001 -23"><span class='ocrx_word' id='word_1_112' title='bbox 111 4453 145 4521; x_wconf 84' lang='lat' dir='ltr'><strong>Si</strong></span> <span class='ocrx_word' id='word_1_113' title='bbox 161 4477 267 4544; x_wconf 86' lang='lat' dir='ltr'><strong>quem</strong></span> <span class='ocrx_word' id='word_1_114' title='bbox 287 4453 470 4523; x_wconf 70' lang='lat' dir='ltr'><strong>barbatum</strong></span> <span class='ocrx_word' id='word_1_115' title='bbox 491 4456 619 4524; x_wconf 78' lang='lat' dir='ltr'><strong>facerat</strong></span> <span class='ocrx_word' id='word_1_116' title='bbox 637 4479 700 4523; x_wconf 91' lang='lat' dir='ltr'><strong>sua</strong></span> <span class='ocrx_word' id='word_1_117' title='bbox 721 4454 827 4523; x_wconf 87' lang='lat' dir='ltr'><strong>barba</strong></span> <span class='ocrx_word' id='word_1_118' title='bbox 842 4454 995 4538; x_wconf 81' lang='lat' dir='ltr'><strong>boatum,</strong></span> 
     </span>
     <span class='ocr_line' id='line_1_24' title="bbox 115 4569 908 4640; baseline 0.005 -5"><span class='ocrx_word' id='word_1_119' title='bbox 115 4569 153 4637; x_wconf 91' lang='lat' dir='ltr'><strong>ln</strong></span> <span class='ocrx_word' id='word_1_120' title='bbox 173 4570 299 4638; x_wconf 89' lang='lat' dir='ltr'><strong>mundi</strong></span> <span class='ocrx_word' id='word_1_121' title='bbox 318 4572 411 4639; x_wconf 85' lang='lat' dir='ltr'><strong>circo</strong></span> <span class='ocrx_word' id='word_1_122' title='bbox 430 4594 501 4639; x_wconf 90' lang='lat' dir='ltr'><strong>non</strong></span> <span class='ocrx_word' id='word_1_123' title='bbox 521 4578 612 4639; x_wconf 77' lang='lat' dir='ltr'><strong>esset</strong></span> <span class='ocrx_word' id='word_1_124' title='bbox 631 4572 783 4640; x_wconf 83' lang='lat' dir='ltr'><strong>sanctior</strong></span> <span class='ocrx_word' id='word_1_125' title='bbox 799 4571 908 4639; x_wconf 89' lang='lat' dir='ltr'><strong>hirco.</strong></span> 
     </span>
    </p>
   </div>
   <div class='ocr_carea' id='block_1_15' title="bbox 0 0 1640 5626">
    <p class='ocr_par' dir='ltr' id='par_1_15' title="bbox 0 0 1640 5626">
     <span class='ocr_line' id='line_1_25' title="bbox 0 0 1640 5626; baseline 0 0"><span class='ocrx_word' id='word_1_126' title='bbox 0 0 1640 5626; x_wconf 95' lang='lat' dir='ltr'><strong> </strong></span> 
     </span>
    </p>
   </div>
  </div>
 </body>
</html>
