3270 5626
215 493 260 542 29⁰
450 483 601 537 ouon'ts
627 483 679 534 DE
706 484 916 536 cuntrouu
942 482 1189 534 PARABOLAE.

216 632 351 724 cipibus
378 630 605 699 ecclesiarum
634 628 810 697 salutem:
835 627 925 709 Quia
952 632 1039 719 quot
1066 625 1168 695 uobis
1194 629 1303 719 [sunt]
1331 654 1417 699 com-

215 750 327 828 missi,
343 753 393 815 tot
407 745 508 814 nobis
521 745 627 834 [sunt]
640 744 753 811 missi.
776 742 876 811 Vnde
892 745 928 810 in
943 744 1087 834 signum
1102 744 1267 812 ueritatis
1283 768 1417 836 percus·

214 867 260 934 sit
274 862 433 931 diabolus
455 861 595 952 laycum
615 861 652 927 in
667 859 767 943 facie,
786 859 835 928 ita
850 858 943 949 quod
965 859 1114 951 uestigia
1131 862 1179 951 (1)
1200 883 1332 929 manus
1351 885 1416 930 non

215 984 445 1059 recesserunt,
462 978 532 1045 nisi
548 998 610 1066 per
628 997 756 1066 aquam
772 973 992 1043 benedictam
1008 996 1115 1065 quam
1135 976 1416 1068 archiepiscopus

214 1119 320 1188 super
332 1095 458 1162 faciem
474 1092 634 1184 aspersit.

317 1346 417 1401 LXIV.
446 1375 480 1384 —
506 1342 556 1397 DE
584 1342 821 1398 PONTlFlCiS
850 1340 1003 1398 THOMAE
1032 1343 1249 1401 unflrtnto
1271 1344 1319 1415 (2).

279 1524 377 1591 Sicut
394 1519 568 1613 gloriosus
582 1519 740 1610 pontifex
754 1516 917 1602 Thomas,
928 1517 990 1608 qui
1005 1520 1082 1608 [nec
1097 1541 1159 1609 per
1174 1519 1415 1590 tribulationes

212 1662 300 1731 quas
325 1639 361 1706 in
381 1637 487 1704 exilio
507 1657 631 1725 passus
651 1639 716 1716 est,
740 1655 805 1702 nec
830 1655 891 1723 per
909 1634 1025 1702 minas
1047 1635 1152 1726 regis,
1169 1658 1235 1705 nec
1259 1659 1321 1727 per
1342 1640 1414 1707 uul-

212 1776 297 1823 nera
310 1754 401 1821 flecti
417 1752 543 1843 potuit,
558 1748 619 1818 sed
633 1771 777 1818 murum
793 1750 910 1817 carnis
925 1771 987 1818 sue
1000 1748 1137 1819 luteum
1152 1752 1332 1846 confringi
1347 1777 1415 1844 per·

213 1871 326 1951 misit;
345 1868 462 1958 quare]
477 1888 540 1958 pro
555 1865 703 1935 ecclesia
718 1864 846 1956 gladiis
860 1865 1060 1956 ympicrum
1075 1865 1254 1935 occubuit.
1272 1867 1413 1948 Quidam

213 1984 482 2055 archidiaconus
501 1980 538 2050 in
558 1980 809 2050 transmarinis
831 1980 991 2070 partibus
1010 1982 1119 2051 tercio
1137 1980 1195 2051 die
1216 2007 1239 2051 a
1258 1986 1413 2074 passione

213 2101 305 2171 beati
321 2098 451 2168 Thome
467 2097 629 2187 apparuit
644 2097 741 2165 socio
757 2118 836 2179 suc,
853 2096 946 2165 sicut
959 2097 1140 2187 pepigerat
1159 2099 1205 2180 ei,
1220 2098 1307 2168 dum
1324 2102 1412 2170 uiue

213 2217 284 2300 bat,
302 2223 337 2285 et
350 2215 438 2284 dixit
458 2211 562 2305 quod,
581 2234 662 2280 cum
678 2212 715 2279 in
736 2210 793 2280 dic
813 2232 882 2301 quo
902 2210 1051 2280 decessit
1069 2213 1174 2281 multi
1189 2218 1330 2284 centeni
1350 2240 1413 2285 me

214 2339 387 2411 rerentur,
414 2335 552 2398 tantum
583 2327 657 2418 ipse
680 2348 762 2395 cum
787 2325 925 2396 duobus
949 2326 1030 2396 aliis
1053 2329 1122 2397 fuit
1144 2330 1322 2414 saluatus3
1348 2333 1411 2414 scd,

215 2449 339 2517 multis
356 2443 574 2536 temporibus
588 2442 778 2533 preteritis,
796 2463 868 2510 nen
883 2441 987 2510 fiebat
1000 2443 1070 2511 tale
1089 2443 1261 2536 gaudium
1277 2448 1314 2515 in
1333 2448 1411 2527 celo,

215 2565 305 2633 sicut
316 2564 352 2630 in
364 2561 519 2631 aduentu
529 2560 637 2627 unius
648 2558 792 2626 illerum
806 2559 866 2649 qui
877 2557 998 2626 eodem
1012 2558 1068 2628 die
1080 2561 1284 2630 martirium
1300 2563 1411 2644 subiit,

215 2687 250 2749 et
272 2680 362 2748 dixit
385 2676 478 2769 quod
501 2676 561 2744 ille
585 2675 655 2742 fuit
681 2673 803 2743 beatus
830 2653 1281 2747 Thomas'Centueriensis.
1309 2679 1351 2748 Et
1374 2682 1412 2748 ita

216 2817 375 2864 rumores
393 2792 435 2861 de
451 2793 527 2860 eius
549 2790 709 2859 martirio
728 2789 833 2857 tertia
856 2788 912 2858 die
934 2790 970 2858 in
992 2790 1152 2881 partibus
1175 2796 1413 2863 transmarinis

217 2913 460 2979 innotuerunt.

239 3162 322 3216 bxv.
349 3191 382 3198 -
406 3159 455 3213 DE
483 3156 652 3222 QUODAM
682 3155 822 3210 MAGNO
852 3155 1016 3212 STUPAbt
1044 3159 1319 3216 ACCENDENTE
1349 3166 1391 3234 (3).

283 3335 430 3418 Quidam
453 3356 601 3425 magnus
622 3332 771 3422 singulis
797 3333 901 3399 annis
923 3340 1061 3423 stupam
1082 3336 1254 3408 accendit.
1277 3338 1408 3408 dicens:

216 3455 272 3522 Sic
292 3452 417 3520 transit
436 3450 547 3540 glorio
567 3447 702 3515 mundi.

355 3703 458 3759 txvt.
484 3732 518 3740 -
542 3700 593 3753 DE
620 3698 751 3753 ΒΕΑΤΟ
781 3698 966 3754 ANTONIO
994 3699 1212 3757 ΤΕΜΡΤΑΤΟ
1240 3705 1290 3775 (i).

288 3884 413 3950 beatus
434 3879 619 3960 Antonius,
642 3899 724 3944 cum
743 3876 875 3943 carnali
899 3875 1070 3944 desiderio
1099 3885 1344 3969 temptaretur,
1365 3907 1414 3974 po

220 4001 292 4068 suit
312 3998 433 4088 pedem
458 4017 561 4064 suum
584 3995 621 4060 in
643 3994 723 4081 igne
740 3991 884 4059 dicens:
906 3992 941 4059 Si
965 4015 1025 4081 pes
1049 4016 1149 4062 meus
1171 3997 1292 4087 ignem
1320 4003 1415 4069 istum

275 4214 311 4283 (t)
331 4214 408 4266 Lisez
423 4229 429 4264 ι
447 4210 574 4277 uestigia.

274 4302 311 4373 (2)
328 4301 419 4355 Mdme
433 4314 562 4353 sermon.

275 4390 313 4461 (3)
330 4391 472 4444 Dominicu
488 4388 543 4456 λγ.
558 4392 619 4456 post
635 4383 759 4439 octabam
773 4382 884 4448 Pascite,
893 4383 1042 4438 secundum
1056 4386 1217 4452 Iohannem,
1230 4393 1312 4460 ,crjn
1322 4395 1417 4447 -10-

221 4479 321 4533 dicum
335 4486 363 4532 et
377 4494 436 4533 non
452 4475 593 4531 uidebitis
608 4489 666 4539 me,
679 4477 707 4526 et
720 4472 828 4526 iterum
846 4471 996 4526 modicum
1012 4479 1041 4527 et
1054 4474 1205 4533 uidebitis.

276 4567 313 4636 (t)
331 4569 422 4622 tiemo
439 4580 567 4620 sermon.
