3270 5626
451 485 601 538 ODONIS
628 487 677 537 Db}
704 488 916 539 GERITONA
940 486 1185 538 PARABOLAE.
1377 491 1423 540 309

219 631 299 698 Post
314 631 404 699 duos
415 630 490 699 dies
501 638 676 700 uenerunt
691 632 734 701 ad
750 632 876 701 cellam
888 631 948 700 ubi
964 639 1042 701 erat
1053 632 1183 722 [abbas]
1196 654 1276 699 cum
1286 631 1424 701 duobus

218 744 413 835 discipulis,
430 754 560 815 etcum
576 747 769 837 pulsarent,
783 749 881 816 misit
900 770 1014 816 unum
1035 747 1264 837 discipulum,
1280 747 1421 816 dicens:

218 860 285 942 Qui
306 864 412 929 estis?
431 861 523 942 Quid
544 865 714 955 queritis?
734 864 1002 954 Responderunt
1023 885 1030 930 :
1053 864 1224 931 Venimus
1244 863 1287 932 de
1306 863 1424 932 labore

216 983 251 1045 et
276 978 439 1046 volumus
466 977 638 1047 benedici.
661 979 797 1060 Quibus
823 979 1035 1047 mandauit:
1067 980 1144 1048 Non
1171 979 1264 1048 lieet.
1295 979 1423 1048 Discite

218 1114 313 1181 ergo,
336 1095 503 1184 suscipite
519 1117 583 1162 nos
599 1093 664 1162 hac
679 1101 793 1177 nocte,
815 1102 855 1163 ut
868 1118 1069 1185 pausemus.
1088 1093 1225 1175 Quibus
1240 1095 1425 1164 mandauit

217 1207 379 1277 recedere
397 1231 405 1278 :
423 1210 539 1291 Quare
558 1209 747 1279 ambulatis
767 1213 870 1301 ungi?
893 1212 938 1279 At
957 1211 1011 1279 illi
1037 1219 1205 1302 ceperunt
1226 1210 1423 1302 supplicare

217 1326 321 1393 noxie
339 1344 347 1390 :
365 1324 409 1392 Et
427 1326 566 1416 suscipe
597 1349 662 1394 nos
692 1325 757 1395 hae
776 1334 889 1407 nocte,
907 1350 951 1394 ne
979 1350 999 1395 a
1024 1327 1109 1395 seris
1140 1325 1351 1395 occidamur.
1382 1327 1424 1394 Et

216 1441 276 1507 vix
291 1441 445 1531 suscepit
460 1464 531 1510 eos.
550 1439 618 1522 Qui
639 1449 855 1534 rogauerunt
876 1450 915 1510 ut
934 1441 1032 1510 daret
1047 1442 1097 1510 eis
1117 1465 1242 1533 parum
1262 1442 1420 1524 luminis,

217 1563 251 1622 et
269 1578 343 1624 non
358 1554 466 1624 dedit.
490 1557 637 1626 Demum
655 1566 871 1649 rogauemnt
890 1565 929 1626 ut
945 1557 1088 1626 daretur
1108 1559 1158 1626 eis
1178 1580 1302 1648 parum
1317 1580 1419 1648 aque.

216 1671 311 1739 Tunc
324 1694 419 1739 unus
434 1695 476 1739 cx
492 1671 675 1763 discipulis
695 1672 791 1741 dedit
811 1675 861 1741 eis
877 1695 1002 1764 parum
1023 1695 1174 1756 annone,
1191 1680 1225 1741 et
1244 1695 1371 1764 equam
1384 1674 1422 1740 in

217 1784 433 1869 abscondito,
446 1794 481 1856 et
495 1789 633 1879 rogauit
646 1812 692 1857 ne
708 1789 814 1856 abbas
830 1790 945 1857 sciret.
963 1789 1064 1858 Mane
1074 1791 1165 1858 sacto
1177 1788 1262 1857 dicit
1274 1788 1421 1882 angelus

215 1903 277 1970 uni
303 1927 346 1970 ex
366 1902 575 1993 discipulis:
598 1905 727 1996 Rogate
748 1904 909 1973 abbatem
934 1911 973 1972 ut
997 1904 1090 1972 dieat
1109 1927 1323 1988 sermonem,
1340 1905 1421 1995 quia

215 2016 387 2087 habemus
401 2018 484 2109 quid
499 2020 701 2089 offeramus.
724 2019 823 2101 Quod
839 2021 999 2104 audienS,
1021 2021 1128 2089 abbas
1147 2021 1216 2089 cito
1229 2021 1340 2088 uenit.
1358 2020 1420 2089 Cui

215 2135 361 2226 angelus
380 2133 508 2203 obtulit
522 2137 692 2203 catinum.
715 2135 815 2219 Quod
835 2135 975 2218 uidens,
993 2143 1147 2218 sanctus,
1166 2137 1317 2225 quierat
1339 2158 1419 2202 cum

215 2273 253 2318 eo
283 2252 406 2333 iratus,
435 2253 485 2319 ait
506 2272 514 2318 τ
536 2251 670 2320 Recede
694 2275 715 2320 a
737 2274 806 2336 me,
828 2275 898 2320 non
924 2251 982 2321 ibo
1005 2252 1156 2342 amplius
1183 2258 1312 2334 tecum,
1337 2251 1420 2341 quie
1505 2305 1511 2309 .

215 2372 334 2434 saneto
355 2364 492 2434 homini
512 2369 669 2436 catinum
690 2367 878 2449 abstulisti,
901 2367 1068 2436 etlilium
1093 2366 1312 2434 interfecisti.
1330 2366 1421 2433 lluio

213 2504 299 2550 uero
324 2484 476 2572 pessimo
496 2484 557 2574 qui
574 2484 686 2553 Deum
708 2507 780 2552 non
809 2485 921 2566 timet,
947 2507 1010 2552 nec
1040 2483 1195 2551 hominis
1218 2483 1416 2564 miseretur,

215 2597 371 2666 catinum
406 2596 544 2667 dedisti.
569 2599 632 2668 Cui
662 2599 839 2691 angelus:
864 2600 988 2668 Nonne
1022 2606 1060 2667 tu
1084 2598 1196 2667 Deum
1221 2598 1351 2688 rogasti
1379 2603 1420 2665 ut

214 2720 428 2782 monstraret
450 2713 514 2783 tibi
538 2739 602 2784 sua
627 2715 777 2784 iudicia?
797 2716 839 2783 Et
862 2716 991 2783 missus
1013 2738 1092 2783 sum
1121 2714 1317 2783 monstrare
1338 2713 1415 2781 tibi.

214 2829 359 2898 (latinus
385 2853 490 2921 quem
518 2832 597 2899 uiro
619 2831 749 2899 abstuli
783 2855 854 2899 non
880 2838 954 2900 erat
982 2830 1024 2899 de
1055 2830 1159 2913 bono,
1182 2852 1247 2898 nec
1275 2827 1414 2896 decebat

213 2951 252 3012 ut
270 2945 329 3012 uir
360 2951 503 3013 sanctus
529 2946 664 3037 aliquid
692 2946 835 3015 haberet
863 2948 900 3014 in
925 2946 1014 3015 cella
1039 2944 1133 3036 quod
1160 2944 1317 3013 debono
1344 2966 1416 3012 non

214 3067 315 3128 esset.
341 3061 472 3129 Filium
499 3063 575 3131 eius
604 3061 682 3131 ideo
710 3063 859 3131 interfici
885 3063 946 3151 (l),
969 3063 1052 3152 quia
1079 3063 1152 3151 ipse
1182 3067 1257 3128 erat
1282 3061 1417 3128 occisu-

214 3198 272 3244 rus
295 3182 431 3267 patrem
456 3178 618 3246 suumin
643 3180 803 3268 sequenti
823 3183 937 3246 nocte.
955 3178 1098 3246 Catinus
1119 3183 1236 3244 autem
1257 3177 1317 3265 qui
1342 3181 1417 3243 erat

214 3289 255 3359 de
274 3293 368 3360 malo
387 3292 528 3362 additus
542 3301 593 3363 est
614 3293 697 3362 huie
712 3294 805 3362 malo
820 3294 862 3361 ad
884 3294 1022 3362 ruinam
1038 3294 1126 3361 eius.
1146 3290 1222 3373 Quo
1239 3291 1332 3360 dicto
1348 3290 1418 3358 dis·

215 3410 342 3496 paruit.
358 3411 404 3477 At
417 3409 478 3477 ille
499 3410 664 3501 cognouit
679 3408 771 3500 quod
790 3408 882 3477 iusta
901 3416 985 3477 sunt
1004 3407 1134 3477 iudicia
1155 3407 1229 3490 Dei,
1251 3408 1416 3498 quamuis

215 3522 424 3613 quibusdam
445 3524 633 3593 uideantur
647 3525 758 3593 multa
774 3525 917 3593 iniusta.

266 3792 370 3848 CXVl.
398 3825 432 3834 -
456 3794 506 3849 DE
532 3794 689 3850 ΑΒΒΑΤΕ
717 3794 786 3860 QUI
815 3794 928 3849 UNUM
954 3792 1120 3848 OCULUM
1149 3791 1291 3847 AbllSlT
1311 3790 1319 3862 (
1341 3790 1360 3861 ).

279 3998 378 4067 Vnde
393 3997 536 4090 quidam
556 3998 663 4067 abbas
678 3997 842 4066 iratribus
860 3999 945 4080 suis
966 3997 1073 4088 [quia]
1092 4018 1203 4062 unum
1223 3993 1414 4084 oc(c)ulum
1511 4046 1515 4056 .

222 4113 552 4198 amisit,dolentibus
568 4116 636 4183 ait:
651 4111 899 4205 Numpquitl3)
916 4112 1040 4181 doletis
1056 4134 1117 4202 pro
1128 4110 1278 4200 oclclulo
1291 4109 1412 4200 que(l)

269 4314 304 4385 (l)
320 4315 401 4370 Ainsi
416 4330 492 4385 pour
507 4316 643 4381 interseri.

268 4404 304 4475 (2)
319 4404 412 4459 Meme
428 4418 559 4458 sermon.

269 4492 303 4563 (3)
319 4493 401 4547 Ainsi
414 4508 491 4562 pour
503 4491 655 4562 Numquid.

269 4581 304 4653 ll)
321 4582 402 4637 Lisez
420 4599 426 4636 :
444 4583 503 4652 qui.
