3270 5626
266 503 437 557 NICOLAI
464 501 599 553 Bozon
630 503 828 554 EXEMPLA
854 502 1049 562 QUAEDAM.
1213 504 1259 554 259

58 659 177 726 luerat
195 655 232 721 in
254 649 423 742 pericu10,
436 670 501 716 nee
518 653 701 737 propterea
715 655 814 716 curat
834 648 930 736 [non]
952 649 1080 716 iterum
1096 648 1181 716 illue
1196 649 1258 716 ire.

59 773 167 842 Eecli.
189 774 209 838 8
231 767 299 836 :Et
325 766 355 832 si
376 764 491 831 malus
511 764 648 831 cencies
671 763 715 832 ad
734 769 916 853 peceatum
932 786 1036 831 suum
1060 766 1261 845 revertitur,

62 912 102 958 eo
124 884 217 978 quod
240 881 379 950 nullam
403 878 507 947 habet
530 879 784 962 resistenciam,
802 880 830 945 51
854 878 986 947 bonum
1008 881 1177 963 evenerit,
1200 880 1265 947 hoc

62 1005 126 1072 Dei
141 1000 258 1092 gracie
279 1003 332 1065 est
352 993 600 1063 ascribendum
620 993 631 1084 (
659 995 682 1083 ).

133 1114 266 1184 Fabula
294 1110 427 1180 adhoc
453 1109 628 1200 quomodo
654 1110 721 1178 Leo
749 1108 861 1200 jacuit
885 1111 1058 1194 infirmus,
1088 1117 1153 1179 etc.
1182 1112 1267 1179 Ani-

62 1232 172 1303 malia
192 1232 368 1297 venerunt
387 1248 469 1294 oum
489 1227 644 1303 visitare,
667 1231 702 1293 et
720 1224 857 1316 Vulpex
878 1226 983 1315 (ainsi
998 1249 1092 1317 pour
1106 1227 1265 1318 Vulpes),

62 1347 258 1440 respiciens
273 1344 427 1425 urinam,
444 1341 534 1409 dixit
552 1339 658 1431 quod,
675 1343 705 1408 si
721 1340 866 1409 haberet
881 1364 940 1409 cor
955 1343 1067 1425 Asini,
1085 1344 1268 1412 convales-

62 1469 170 1535 ceret.
202 1460 328 1530 Statim
349 1463 471 1526 vocato
500 1457 650 1547 [Asino],
671 1458 827 1547 precepit
847 1458 914 1525 Leo
935 1465 973 1525 ut
998 1459 1265 1528 interficeretur.

64 1583 163 1650 Tunc
179 1576 316 1668 rogavit
331 1574 463 1642 Asinus
479 1574 632 1641 Leonem
647 1579 687 1641 ut
701 1572 846 1641 domum
865 1596 964 1642 suam
988 1583 1104 1664 posset
1124 1576 1218 1644 adire
1235 1582 1269 1644 01

64 1698 318 1766 testamentum
334 1706 439 1757 suum
450 1689 575 1772 lacere,
589 1693 634 1770 et,
648 1693 857 1756 testamento
873 1689 975 1765 facto,
985 1690 1118 1782 juravit
1133 1715 1169 1760 se
1185 1692 1270 1760 illue

65 1829 307 1882 reversurum.
331 1804 464 1873 Videas
494 1810 613 1873 autern
644 1805 773 1894 vulpex
804 1827 876 1873 non
907 1807 990 1873 satis
1019 1809 1269 1897 tempestivum

65 1930 210 1996 asinum
231 1928 479 2003 revertentem,
502 1920 605 1988 illum
620 1918 731 1987 adivit
750 1926 784 1987 et
805 1921 951 1988 cautelis
971 1922 1045 1988 suis
1065 1945 1145 1990 enm
1163 1925 1271 1992 Leoni

67 2042 228 2122 adduxit,
246 2039 308 2130 qui
328 2037 447 2105 statim
467 2036 603 2104 occisus
618 2042 682 2103 est.
701 2034 777 2116 Quo
793 2041 931 2104 mortno
951 2044 985 2104 01
999 2044 1130 2128 aperto,
1153 2041 1271 2108 statim

68 2182 127 2228 cor
139 2157 219 2248 ejus
233 2154 367 2244 Vulpes
382 2153 518 2221 furatus
528 2157 593 2234 est,
604 2149 694 2219 illud
705 2156 836 2220 secrete
850 2152 1114 2242 com(m)edens.
1128 2155 1272 2224 lnterim

68 2274 197 2344 famuli
214 2271 340 2340 Leonis
355 2291 415 2338 cor
425 2269 525 2336 Asini
536 2273 724 2358 querentes
740 2273 774 2334 01
789 2290 860 2334 non
877 2269 1111 2354 invenientes,
1122 2271 1273 2362 Vulpem

70 2391 180 2460 Leoni
208 2390 477 2467 accusaverunt,
506 2385 567 2475 qni
595 2383 775 2473 respondit
796 2384 946 2452 Asinum
969 2385 1111 2454 nullum
1133 2409 1192 2454 eor
1216 2388 1276 2456 ha-

73 2506 208 2587 buisse,
225 2509 261 2571 et
284 2502 349 2569 hoc
366 2500 518 2568 ostendit
539 2522 601 2590 per
622 2499 798 2566 racionem
824 2499 929 2567 talem
951 2501 1061 2589 :(F01.
1081 2503 1171 2591 119³)
1188 2503 1277 2584 Quia

74 2621 248 2690 memoria
268 2616 425 2708 procedit
443 2639 485 2684 ex
505 2615 621 2697 corde,
644 2614 703 2683 sed
723 2616 854 2683 Asinus
874 2616 958 2683 alias
979 2617 1046 2685 luit
1065 2619 1103 2685 in
1123 2620 1280 2713 periculq

74 2744 105 2806 et
127 2738 194 2805 hoc
210 2756 283 2803 non
304 2732 464 2801 obstante
484 2731 555 2799 huc
569 2733 678 2822 gratis
694 2732 842 2813 revenit,
860 2754 922 2822 per
936 2732 1029 2823 quod
1053 2739 1147 2822 patet
1162 2736 1278 2825 ipsum

74 2875 145 2921 non
162 2850 330 2920 habuisse
345 2849 566 2930 memoriam,
584 2869 649 2915 nec
666 2870 728 2937 per
742 2869 961 2939 consequens
979 2848 1101 2917 hahuit
1115 2873 1185 2934 eor,
1198 2875 1279 2920 cum

75 2968 236 3036 nonfuit
262 2987 399 3033 memor
427 2962 648 3054 precedentis
676 2963 841 3052 periculi;
868 2963 969 3055 cujus
997 2967 1169 3034 rationem
1189 2991 1282 3037 com-

76 3082 262 3152 mendavit
281 3081 350 3149 Leo
369 3087 404 3148 et
423 3078 586 3168 dimilsilt
604 3079 756 3169 Vulpem
772 3079 982 3147 immunem.

143 3200 200 3267 Sic
222 3196 386 3264 homines
407 3195 491 3263 mali
513 3193 774 3263 obliviscuntur
794 3195 848 3262 sui
870 3196 1016 3285 periculi
1037 3220 1219 3291 quousque
1240 3199 1283 3267 ad

82 3317 186 3384 finem
198 3311 453 3405 perducantnr;
465 3311 506 3379 de
523 3310 652 3401 quibus
663 3310 821 3399 loquitur
835 3309 1036 3401 Apostolus,
1053 3313 1172 3404 [Epist.
1186 3315 1214 3382 ll
1228 3315 1281 3405 ad]

83 3432 164 3514 lan,
177 3430 227 3521 [C.
245 3451 292 3510 ιιι,
308 3451 341 3496 v.
362 3428 415 3516 13]
435 3425 543 3495 :lllali
560 3426 722 3494 homines
737 3427 925 3516 proficiunt
940 3429 977 3494 in
998 3428 1109 3520 pejus,
1128 3438 1284 3501 errantes

85 3555 112 3615 01
132 3549 169 3615 in
189 3566 346 3614 errorem
368 3545 560 3611 mittentes.

464 3750 530 3804 vn.
555 3781 589 3790 -
616 3749 821 3820 [resruno]
849 3750 898 3820 (ι).

150 3904 238 3993 (Fol.
257 3901 365 3990 nab.)
386 3941 431 3951 —
452 3900 582 3968 Natura
602 3898 801 3968 Testudinis
817 3907 870 3968 est
888 3901 992 3991 quod.
1011 3902 1150 3992 quando
1171 3912 1223 3972 051
1247 3906 1282 3973 in

97 4019 209 4106 quiete,
225 4040 298 4085 non
312 4015 460 4085 audiens
476 4016 631 4084 sonitum
640 4038 706 4084 nec
717 4017 878 4085 senciens
890 4019 1142 4102 resistenciam,
1153 4042 1284 4089 cornua

102 4132 254 4218 producit,
272 4139 311 4200 ut
331 4133 415 4199 satis
436 4130 561 4216 audax,
579 4130 640 4200 sed
660 4154 766 4222 quam
788 4132 855 4201 cito
877 4136 1027 4201 senserit
1046 4135 1179 4219 llatum,
1202 4160 1284 4204 ven·

104 4249 162 4313 lum
183 4255 244 4317 aut
275 4253 409 4339 guttam
438 4247 558 4337 pluvie
594 4253 654 4314 aut
682 4248 924 4316 resisteneiam
955 4250 1121 4340 aliquam,
1153 4274 1283 4320 cornua

52 4448 55 4456 Ι
108 4363 230 4430 retrahit
244 4370 279 4431 et
300 4364 392 4431 inlra
413 4362 524 4452 capud
540 4361 675 4430 inclusa
690 4368 797 4444 tenet,
814 4362 867 4454 (ut
880 4366 1026 4454 vecors).

150 4519 179 4591 (¹)
191 4525 316 4581 Citation
329 4525 439 4580 alteree
455 4522 492 4579 de
505 4523 698 4592 l'Eccle'siuste‚
713 4527 743 4580 C.
760 4542 817 4592 vru,
831 4543 856 4581 v.
876 4530 918 4582 12.

152 4607 180 4680 11)
194 4615 350 4686 Comparez
363 4613 468 4682 Endos,
481 4612 501 4668 1.
515 4623 620 4680 novur,
636 4616 703 4669 Item
718 4613 751 4669 dc
767 4614 924 4671 Testudine.
