3270 5626
448 493 600 546 onouls
625 496 676 548 DE
703 497 916 550 cuntrouu
943 497 1188 550 PARABOLAE.
1370 500 1416 550 299

214 638 376 707 diabolus
400 639 576 708 inmiscet,
600 639 687 707 Cum
706 662 791 709 uero
811 642 941 710 iterum
961 639 1195 731 loquebantur
1214 640 1256 709 de
1277 640 1416 710 rehedi·

215 754 377 823 ficatione
395 756 609 837 animarum,
632 754 792 823 redibant
811 757 859 847 (t)
876 756 994 848 angeli
1009 755 1213 848 gaudentes.

310 1002 486 1059 txxxvn.
515 1033 550 1044 -
577 1005 627 1059 DE
655 1004 811 1060 SANCTO
839 1004 972 1060 PAULO
1001 1005 1050 1060 ΕΤ
1078 1005 1232 1061 Vlruua
1263 1004 1313 1076 (2).

280 1181 410 1250 Paulus
429 1189 507 1272 post
525 1183 750 1274 naufragium
775 1205 795 1251 a
813 1184 936 1273 uipera
954 1205 1142 1274 percussus
1161 1191 1229 1267 est;
1248 1183 1358 1251 nichil
1382 1184 1413 1251 ei

213 1297 345 1365 nocuit.

279 1413 473 1482 Mortaiiter
501 1436 680 1482 uenenum
709 1414 931 1482 mortiferum
965 1411 1008 1482 ed
1042 1413 1235 1504 potandum
1268 1415 1415 1483 ottertur

213 1529 376 1618 quotiens
401 1528 520 1614 alicui,
544 1536 584 1597 ut
608 1529 722 1598 doleat
743 1529 801 1598 uel
830 1530 1012 1613 irascatur,
1043 1529 1211 1598 detractio
1235 1530 1293 1598 uel
1317 1529 1414 1598 aliud

213 1645 251 1711 in
262 1645 471 1712 continuum
487 1652 720 1734 presentatur.
731 1644 810 1728 Sed,
821 1667 902 1713 cum
913 1646 970 1712 uir
986 1645 1099 1713 iustus
1112 1645 1150 1712 in
1165 1644 1295 1714 talibus
1310 1667 1415 1736 equa·

215 1759 360 1827 nimiter
374 1782 410 1829 sc
426 1758 541 1843 habet,
558 1762 705 1829 minime
725 1760 792 1829 sibi
808 1767 920 1829 nocet.

259 2009 457 2066 Lxxxvlu.
485 2041 522 2051 -
550 2011 600 2066 DE
625 2010 806 2067 ultuoto
833 2012 880 2066 ΕΤ
907 2012 959 2067 ΒΕ
990 2011 1174 2067 enutrita
1203 2012 1251 2066 ET
1279 2010 1371 2066 utus

565 2108 696 2164 ΡΑΤΗΕ
725 2108 981 2165 INTERFECTO
1011 2108 1060 2182 (³).

279 2283 447 2353 Diabolus
462 2285 570 2353 semel
586 2286 624 2353 iu
644 2238 759 2374 specie
774 2285 931 2354 hominis
951 2285 1090 2354 cuidam
1107 2285 1278 2354 heremite
1298 2284 1386 2353 dixit
1403 2306 1410 2352 :

215 2400 286 2467 iam
302 2399 463 2468 diabolus
479 2401 515 2469 in
530 2403 644 2492 specie
659 2403 767 2494 patris
783 2403 835 2470 tui
855 2425 936 2470 cum
952 2403 1064 2469 securi
1086 2401 1128 2468 ad
1144 2408 1177 2469 te
1195 2401 1330 2482 ueniet;
1352 2399 1412 2468 sed

214 2515 362 2605 arripias
377 2516 529 2584 securim
549 2524 584 2584 et
602 2518 757 2586 uiriliter
776 2518 967 2585 interficias
986 2515 1179 2599 diabolum,
1199 2538 1243 2584 ne
1263 2514 1328 2583 tibi
1350 2538 1409 2582 no·

214 2637 304 2699 ceat.
315 2631 379 2699 Cui
388 2630 561 2701 heremita
576 2632 735 2716 credens,
746 2632 887 2724 quando
901 2637 999 2721 peter
1011 2630 1053 2701 ed
1067 2632 1182 2723 ipsum
1196 2630 1412 2699 uisitandum

215 2752 372 2830 uenerat,
391 2746 588 2837 (heremita)
610 2748 762 2816 securim
777 2769 883 2838 quam
896 2754 994 2836 pater
1013 2745 1192 2816 baiulabat
1211 2747 1360 2838 arripuit
1380 2752 1413 2814 et

214 2869 348 2952 patrem
372 2863 553 2953 proprium
575 2863 762 2932 interiecit.
784 2862 860 2944 Quo
880 2863 981 2948 iacto,
1006 2864 1125 2931 statim
1153 2861 1333 2931 adiabolo
1358 2884 1412 2930 ac·

215 2985 334 3070 ceptus
354 2985 418 3047 est.

278 3094 329 3163 lta
349 3095 378 3163 si
394 3093 507 3163 credis
523 3094 567 3179 ei,
592 3117 672 3162 cum
694 3101 874 3185 peccatum
897 3095 1066 3186 suggerit,
1084 3100 1117 3162 te
1137 3091 1332 3175 interficiet,
1350 3093 1413 3160 eti·

214 3212 300 3278 amsi
316 3210 464 3300 angelus
483 3209 547 3278 tibi
567 3216 742 3301 appareat.

231 3451 394 3506 txxxrx.
419 3482 454 3492 -
478 3451 529 3506 ne
556 3451 724 3516 ouonnu
751 3450 952 3506 sumnum
978 3451 1025 3505 ur
1052 3450 1103 3505 ne
1129 3449 1303 3505 senous
1331 3450 1393 3504 sur

668 3549 878 3605 uicrsrno
910 3548 957 3619 t).

275 3716 427 3799 Quidam
451 3719 592 3809 sapiens
621 3718 778 3808 quesiuit
798 3716 841 3785 de
870 3718 945 3784 uita
971 3718 1110 3806 nepotis
1144 3717 1210 3783 sui.
1235 3714 1298 3782 Cui
1323 3715 1412 3783 dixit

213 3834 376 3924 magister
399 3834 502 3902 eius:
528 3833 643 3923 Nepos
668 3838 786 3901 uester
810 3832 1013 3900 luxuriosus
1040 3838 1104 3913 est,
1131 3830 1287 3921 gulosus,
1314 3830 1411 3897 lusor

213 3949 374 4017 talorum.
399 3948 499 4031 Quod
525 3971 606 4017 cum
631 3947 787 4016 audisset
810 3949 963 4038 sapiens,
985 3949 1058 4016 ait:
1090 3947 1133 4014 Et
1154 3945 1218 4014 hec
1244 3943 1286 4014 de
1315 3945 1409 4013 facili

214 4064 331 4133 omnia
353 4066 607 4133 correctionem
633 4065 817 4154 recipiunt.
843 4063 997 4131 Tandem
1018 4062 1174 4152 quesiuit
1200 4062 1230 4129 si
1258 4060 1410 4129 libenter

243 4251 245 4255 ⁴
264 4233 300 4303 (t)
316 4232 461 4288 L’odition
475 4233 511 4287 de
522 4195 597 4287 *1520
610 4236 695 4302 porte
712 4249 719 4286 :
733 4232 873 4287 ridebant.

263 4321 300 4394 (2)
315 4324 407 4378 Heme
420 4337 550 4377 sermon.

264 4414 301 4483 (3)
316 4413 461 4467 Dominica
470 4416 534 4481 post
544 4412 745 4477 ascensionem,
754 4409 905 4465 secundum
919 4408 1077 4472 iohannem,
1088 4415 1157 4462 .eu⁰.
1165 4409 1279 4463 -Cum
1289 4408 1407 4464 uenerit

213 4500 371 4556 Paraclitus
387 4515 476 4571 quem
489 4515 542 4571 ego
558 4499 675 4555 mittum
690 4499 784 4555 uobis.

262 4591 299 4660 (t)
315 4590 408 4645 iterna
422 4603 553 4644 sermon.
