3270 5626
214 496 260 544 tlt
542 491 694 544 ODONIS
721 493 899 546 FABULIS
924 493 1090 553 numni,

283 636 492 728 Exemplum
508 635 574 704 hoc
594 635 706 720 docet,
727 644 767 705 ut
782 637 970 705 inimicum
985 637 1168 705 fortiorem
1188 635 1293 705 nobis
1313 636 1413 727 lugia-

217 776 309 821 mus.

426 895 494 949 xxi
525 894 603 966 ux).
628 926 664 936 -
687 896 737 951 uu
765 896 898 951 cunvo
929 895 994 966 [an
1022 895 1210 966 neuram]

283 1075 415 1144 Cervus
434 1075 532 1142 venit
546 1073 589 1142 ad
608 1075 742 1142 fontem
757 1080 797 1142 ut
816 1073 963 1156 biberet,
986 1080 1021 1142 et
1039 1075 1214 1165 aspiciens
1235 1073 1326 1141 vidit
1345 1095 1415 1141 um-

217 1190 316 1259 bram
346 1213 447 1258 suam
468 1191 505 1256 in
530 1212 633 1280 aqua.
660 1189 892 1258 Considerans
921 1195 1040 1258 autern
1062 1213 1100 1258 se
1128 1188 1261 1258 habere
1292 1210 1416 1258 cornua

217 1306 365 1397 grandia
388 1312 423 1375 et
445 1306 560 1389 fortia,
583 1306 727 1396 gavisus
753 1311 805 1373 est
830 1304 944 1373 valde.
967 1305 1054 1373 Item
1076 1304 1203 1374 videns
1230 1328 1270 1372 sc
1296 1304 1416 1373 habere

217 1445 321 1490 crura
340 1422 497 1512 gracilia,
520 1420 657 1489 dicebat
678 1421 771 1489 intra
792 1443 828 1489 se
850 1421 987 1490 :Crura
1008 1422 1059 1489 sic
1077 1420 1225 1511 gracilia
1248 1419 1416 1511 quomodo

219 1545 367 1629 possunt
385 1538 559 1606 sustinere
574 1543 646 1604 tam
661 1535 808 1628 grandia
827 1543 862 1604 et
880 1543 952 1604 tam
972 1558 1100 1627 magna
1119 1558 1254 1604 cornua
1274 1542 1308 1604 et
1329 1543 1415 1604 tanto

218 1652 459 1721 fortitudinis?
482 1653 525 1720 Et
546 1651 814 1743 insequentibus
839 1676 860 1719 a
886 1659 982 1742 tergo
1006 1652 1235 1720 venatoribus
1259 1653 1417 1744 cogitarit

221 1770 313 1837 intra
332 1790 368 1835 sc
390 1774 425 1836 ct
444 1767 533 1837 dixit
554 1791 562 1837 :
585 1767 694 1836 Crura
716 1769 782 1836 ista
799 1768 933 1837 velocia
954 1774 1049 1850 sunt,
1070 1773 1106 1835 et
1127 1790 1191 1858 per
1212 1791 1256 1836 ea
1279 1768 1414 1837 forsitan

220 1890 339 1972 potero
352 1881 511 1953 evadere.
522 1884 614 1951 Dum
628 1891 746 1952 autem
759 1906 885 1952 nemus
900 1883 966 1952 sibi
983 1885 1128 1951 intravit
1138 1882 1313 1966 vicinum,
1327 1883 1414 1951 here

220 1998 279 2067 bat
293 1998 459 2067 cornibus
474 1998 567 2067 inter
579 2022 703 2089 vepres
723 2005 758 2067 et
776 2006 897 2089 captus
912 2006 978 2067 est.
995 2000 1091 2067 Tunc
1105 1998 1220 2067 dixit:
1239 1998 1327 2090 Spes
1346 2021 1412 2066 mea

220 2113 355 2204 decepit
380 2136 453 2198 me,
475 2114 659 2183 credebam
682 2115 778 2183 enim
805 2116 842 2182 in
865 2114 1031 2182 cornibus
1052 2114 1142 2182 meis
1171 2120 1284 2183 totam
1309 2137 1410 2182 meam

219 2231 335 2298 inesse
349 2229 605 2298 fortitudinem.

286 2345 496 2435 Exemplum
513 2345 666 2429 illorum,
684 2346 745 2436 qui
766 2367 827 2435 pcr
841 2368 893 2427 ea,
912 2345 948 2412 in
964 2345 1092 2435 quibus
1108 2344 1305 2428 confidunt,
1322 2346 1409 2414 facile

220 2460 455 2551 decipiuntur.

432 2702 517 2756 xvn
543 2703 639 2774 (llll.
659 2735 695 2746 -
718 2706 768 2759 DE
797 2703 963 2760 ONAGRO
992 2704 1041 2758 ET
1068 2701 1202 2759 xs'luo.

286 2880 434 2971 Onager,
453 2880 576 2948 videns
595 2881 746 2949 Asinum
765 2883 944 2971 procurari
964 2888 998 2949 et
1017 2881 1124 2971 pasci,
1139 2879 1229 2949 dixit
1250 2883 1342 2949 intra
1355 2899 1406 2947 se:

220 2997 380 3064 Pulcrior
402 3019 480 3063 sum
505 2997 571 3064 isto
596 2997 714 3080 Asina,
737 3003 770 3065 et
801 3004 916 3064 tamen
941 2998 1081 3065 nonita
1103 2996 1191 3064 benc
1214 3005 1408 3086 procuratus

219 3136 310 3193 siun,
327 3135 391 3178 nec
410 3112 456 3178 ita
472 3110 661 3202 diligenter
680 3114 839 3180 enutricr
871 3115 961 3181 sicut
980 3113 1111 3180 Asinus
1128 3113 1205 3191 iste,
1230 3120 1265 3180 ct
1283 3113 1345 3180 hoc
1365 3115 1407 3178 in-

219 3229 350 3294 iustum
367 3234 429 3294 est.
448 3228 615 3316 Sequenti
625 3227 680 3295 die
697 3228 783 3295 vidit
799 3229 936 3319 Onager
951 3229 1098 3295 Asinum
1110 3251 1269 3318 gravem,
1286 3230 1408 3296 sarcina

217 3349 398 3422 onustum,
422 3341 596 3424 incedere,
619 3351 653 3410 et
672 3343 760 3410 dixit
783 3365 790 3409 ε
816 3344 956 3410 Justum
982 3351 1034 3410 est
1060 3344 1211 3410 Asinum
1242 3368 1305 3433 pro
1332 3343 1408 3410 velle

217 3457 482 3547 com(m)edere,
493 3480 573 3524 cum
590 3458 742 3525 multum
754 3458 900 3540 laborat,
912 3465 945 3525 et
956 3481 1020 3547 ego
1036 3465 1107 3525 tota
1121 3457 1177 3525 die
1192 3478 1406 3548 permaneam

216 3575 360 3642 otiosus.

285 3691 493 3780 Exemplum
518 3693 630 3766 illius,
655 3691 715 3780 qui
742 3690 839 3757 bonis
862 3689 994 3756 invidet
1020 3690 1146 3756 alienis
1170 3696 1203 3756 et
1227 3698 1344 3779 postea
1367 3713 1408 3757 eo-

216 3808 352 3897 gnoscit
374 3808 504 3874 multos
528 3805 728 3874 habundare
756 3806 894 3873 diviciis
921 3827 984 3872 nec
1013 3828 1130 3871 carere
1150 3808 1250 3895 gravi
1272 3806 1407 3896 pondere

216 3922 476 3989 sollicitudinis

425 4165 527 4219 xt'lll
557 4164 672 4233 (till).
692 4195 727 4202 —
752 4164 801 4217 DE
832 4164 964 4219 tauxa
993 4165 1039 4218 ET
1064 4164 1206 4217 talpa.

285 4342 365 4415 Leo,
382 4342 458 4430 plus
475 4343 579 4409 solito
595 4342 756 4431 vigilans,
771 4340 976 4407 debilitatus
992 4347 1055 4422 est,
1068 4340 1276 4408 recumbens
1293 4343 1327 4407 in
1341 4361 1405 4430 spe·

123 4497 125 4505 1
217 4457 327 4522 lunca
342 4481 415 4523 sua.
440 4457 490 4524 ld
507 4480 611 4547 quem
633 4456 820 4524 veniebant
840 4465 952 4524 cetere
976 4456 1098 4538 bestie,
1120 4463 1158 4523 ut
1179 4458 1362 4524 visitarent
1379 4458 1403 4516 el

214 4572 484 4640 consolarentur
505 4597 597 4641 eum.
623 4575 662 4640 ut
682 4573 767 4640 dum
788 4573 1123 4663 appropinquarent.
1145 4571 1401 4663 com(m)edebal
