3270 5626
451 502 675 556 03031833
700 504 912 558 CERITONA
938 504 1183 556 PARABOLAE.
1370 506 1415 556 291

214 673 287 719 non
308 649 437 739 poterit
456 649 640 730 sustinere,
658 650 904 717 multominus
924 650 1051 739 poterit
1070 651 1187 739 ignem
1210 655 1418 740 perpetuum

215 765 309 858 apud
330 766 461 833 inferos
480 764 641 832 tolerare.

345 1035 467 1090 vau.
492 1064 529 1075 -
553 1035 605 1090 DE
630 1034 792 1090 ABBATE
817 1035 977 1091 ZENONE
1002 1033 1221 1091 rEuPraro
1245 1034 1295 1106 (1).

284 1212 402 1281 Abbas
413 1213 504 1280 Zeno
514 1211 628 1281 lassus
639 1212 676 1279 in
689 1212 750 1280 uia
762 1210 852 1280 sedit
866 1212 964 1279 iuxta
979 1212 1274 1295 cucumerarium,
1287 1219 1321 1280 et
1336 1219 1423 1280 tem-

220 1330 333 1421 ptauit
352 1328 455 1396 illum
471 1327 645 1409 diabolus,
666 1333 707 1395 ut
726 1326 866 1395 tolleret
881 1349 993 1396 unum
1013 1349 1238 1396 cucumerem
1254 1334 1288 1396 et
1307 1350 1423 1396 como-

218 1445 329 1515 deret,
348 1445 412 1512 Hic
432 1443 499 1512 sibi
513 1442 730 1533 respondens
750 1444 822 1512 ait:
840 1442 950 1511 Fures
970 1465 1032 1534 pro
1048 1444 1180 1532 iur[t]is
1200 1449 1420 1534 torquentur.

220 1559 334 1630 Proba
349 1561 378 1627 si
394 1560 526 1650 poteris
541 1559 716 1627 sustinere
730 1564 916 1626 tormenta.
934 1558 1001 1640 Qui
1017 1582 1165 1650 surgens
1181 1559 1276 1627 stetit
1293 1561 1330 1627 in
1346 1581 1425 1627 333·

220 1684 326 1759 mate,
345 1673 380 1743 id
395 1676 499 1743 estin
514 1675 665 1758 feruore,
682 1674 797 1743 solum
815 1697 859 1740 .v.
872 1672 1008 1756 diebus,
1026 1681 1060 1743 et
1079 1674 1247 1744 deficiens
1266 1676 1316 1743 ait
1332 1673 1397 1742 sibi
1414 1694 1421 1742 :

220 1792 298 1861 Non
314 1813 459 1882 possum
480 1791 570 1858 ferre
589 1796 776 1871 tormenta,
794 1812 865 1857 non
885 1790 993 1881 e[r]go
1013 1788 1123 1859 debeo
1143 1791 1276 1859 turtum
1297 1790 1422 1858 facere.

448 2057 587 2115 nxvrn.
612 2088 646 2097 -
673 2058 723 2113 na
749 2057 920 2123 ouaoan
946 2057 1204 2113 raccnrarca

598 2155 646 2210 ar
671 2154 843 2220 ouonnn
872 2154 975 2209 sana
998 2154 1047 2226 (a.

291 2337 380 2405 ltem
395 2333 545 2427 quedam
565 2333 738 2424 peccatrix
759 2333 921 2422 promisit
940 2331 1033 2423 quod
1057 2331 1232 2422 deciperet
1252 2333 1429 2423 quendam

223 2475 345 2522 senem
362 2472 488 2541 magne
512 2449 705 2518 honestatis
719 2453 754 2516 et
772 2448 908 2539 integre
923 2449 1028 2516 famo.
1045 2447 1119 2530 Que
1135 2448 1285 2517 ueniens
1299 2447 1343 2517 ad
1362 2448 1430 2517 331-

224 2569 297 2638 lam
312 2569 390 2636 eius
404 2566 519 2635 flendo
534 2565 703 2635 clamauit
717 2564 811 2656 quod
831 2564 902 2632 iere
919 2565 1031 2656 ipsam
1046 2562 1269 2648 deuorarcnt,
1287 2565 1317 2632 si
1332 2569 1430 2633 extra

224 2690 395 2753 manerat.
410 2682 499 2772 ipso,
510 2680 681 2751 iudicium
695 2680 837 2748 Domini
848 2681 990 2763 timens,
1005 2681 1118 2770 ipsam
1130 2679 1336 2748 introduxit.
1351 2680 1431 2749 Dia-

226 2799 328 2869 bolus
347 2799 442 2888 cepit
460 2804 617 2890 agratarc
637 2796 711 2887 (sic)
729 2818 789 2864 cor
808 2797 895 2864 eius.
914 2795 981 2877 Qui
1002 2818 1083 2864 cum
1103 2796 1335 2865 intellexisset
1354 2820 1429 2865 esse

226 2914 391 2985 stimulos
403 2912 546 2997 diaboli,
559 2911 697 2982 dicebat
712 2933 719 2981 :
737 2912 800 2981 Vie
814 2911 944 2981 diaboli
961 2911 1105 2980 tenebre
1117 2918 1211 2994 sunt,
1229 2912 1319 2981 sicut
1334 2913 1429 2981 filius

229 3031 290 3100 uei
306 3031 369 3099 iux
385 3038 454 3111 est,
472 3036 506 3097 et
525 3028 684 3098 accendit
703 3028 897 3111 lucernam,
921 3034 967 3110 et,
985 3050 1066 3096 cum
1086 3033 1328 3118 temptaretur,
1350 3030 1398 3097 ait
1420 3049 1428 3096 τ

229 3149 296 3231 031
316 3146 403 3216 talia
417 3151 538 3237 agunt,
555 3146 592 3213 in
609 3144 791 3213 infernum
807 3143 926 3227 ibunt;
946 3143 1054 3234 proba
1068 3167 1152 3235 ergo
1168 3146 1198 3212 si
1213 3145 1343 3235 poteris
1356 3168 1433 3213 sus-

230 3264 342 3332 tinere
363 3263 482 3354 ignem
498 3267 672 3329 eternum.
696 3259 738 3327 Et
759 3259 920 3327 mittebat
940 3258 1091 3351 digitum
1115 3282 1221 3328 suum
1241 3260 1279 3327 in
1299 3261 1429 3352 ignem,

231 3386 264 3448 et
281 3401 356 3447 non
380 3377 491 3445 sensit
509 3399 572 3467 pro
592 3375 705 3443 nimia
724 3373 968 3466 magnitudine
989 3376 1242 3465 temptationis,
1260 3383 1296 3443 et
1314 3376 1364 3444 sic
1385 3377 1401 3442 i
1420 3417 1434 3426 -

232 3496 328 3565 ciens
339 3515 463 3562 omnes
475 3492 603 3584 digitos
614 3514 696 3560 suos
707 3513 819 3580 usque
834 3511 938 3558 mane
952 3490 1121 3558 incendit,
1132 3491 1197 3560 1113
1213 3498 1332 3560 autem
1345 3490 1432 3582 [hcc]

232 3610 357 3679 uidens
371 3607 508 3700 lapidea
523 3608 613 3676 facta
628 3612 690 3675 esi.
707 3605 809 3675 Mane
825 3606 1010 3674 uenientes
1025 3607 1174 3675 iuuenes
1194 3607 1389 3697 querebant
1404 3608 1432 3675 si

232 3749 308 3794 saro
335 3725 494 3793 uenisset
517 3723 602 3791 11133
623 3721 764 3790 mulier.
786 3720 855 3802 Qui
877 3720 1057 3812 respondit
1081 3721 1174 3813 quod
1197 3721 1377 3805 dormiret,
1400 3727 1434 3790 et

234 3842 383 3910 iuuenes
405 3840 622 3907 inuenerunt
637 3859 715 3906 eam
742 3843 931 3920 mortuam,
956 3844 991 3905 et
1012 3859 1075 3929 pro
1094 3837 1170 3928 ipsa
1188 3860 1309 3928 preces
1333 3836 1436 3905 here-

233 3958 318 4025 mite
345 3954 523 4023 fuderunt.
547 3953 608 4022 Ait
630 3952 760 4022 abbas:
789 3951 914 4021 Videte
940 3951 1025 4043 quid
1049 3953 1131 4021 fccit
1154 3953 1244 4021 mihi
1273 3952 1337 4021 hec
1364 3952 1436 4021 filia

232 4057 442 4141 diabolisut
459 4070 619 4139 narrauit
638 4067 729 4159 quod
746 4069 877 4136 iactum
897 4074 983 4136 orat.
1002 4068 1063 4136 1113
1078 4090 1177 4151 3333,
1194 4090 1266 4137 non
1286 4067 1435 4136 reddens

234 4187 370 4255 malum
390 4208 452 4277 pro
472 4186 578 4265 malo,
603 4185 715 4273 ipsam
739 4184 975 4251 rcsuscitauit.
998 4182 1072 4264 Quo
1094 4183 1314 4275 postmodum
1340 4184 1436 4272 peni-

235 4303 384 4372 tentiam
405 4304 488 4394 ogit.
1248 4269 1255 4319 1

292 4499 327 4570 (t)
343 4501 436 4554 113333
449 4457 583 4554 sermon,

292 4589 330 4660 (1)
345 4590 439 4643 iterna
454 4603 584 4642 sermon.
