3270 5626
603 478 834 531 coucucrro
860 480 1024 533 rsnrrx.
1297 445 1298 449 ¹
1370 486 1415 534 us

211 624 395 716 porcellos.
419 622 610 712 Respondit
632 644 640 689 :
659 623 789 690 Verum
811 630 880 706 est;
903 613 1016 692 sed'tu
1037 626 1131 714 paris
1150 626 1332 715 porcellos,
1350 651 1414 718 ego

212 740 365 807 leonem.

277 854 489 945 Exemplum
519 852 670 936 verbosi,
688 853 752 944 ¹qui
775 853 887 921 multa
908 852 1065 944 loquitur
1089 854 1242 923 inutilia.
1267 855 1413 945 Sapiens

211 977 331 1038 autem
347 970 467 1060 paucis
483 974 669 1037 contentus
683 976 735 1036 est
747 967 876 1036 verbis.

443 1192 542 1246 xxvi
570 1192 707 1264 (lxlv).
734 1223 770 1232 —
798 1192 849 1245 DE
879 1192 983 1248 LUPO
1013 1193 1060 1248 ET
1090 1193 1179 1248 Ebc.

278 1345 398 1435 Lupus
422 1345 557 1432 accepit
582 1341 694 1410 Edum
722 1342 764 1410 de
790 1341 910 1434 Capris
934 1343 1032 1411 iuxta
1053 1344 1171 1413 vicum
1195 1366 1319 1412 unum.
1351 1344 1413 1412 Cui

214 1459 304 1527 dixit
328 1458 448 1528 Edus:
473 1459 595 1526 Letare
616 1465 650 1525 et
670 1455 801 1549 gaude3
828 1465 948 1548 postea
974 1457 1202 1550 com(m)edes
1227 1482 1283 1527 mc
1303 1448 1416 1538 totum

215 1598 296 1643 cum
312 1573 454 1664 gaudio.
473 1574 599 1642 Precor
614 1580 731 1642 autem
750 1579 789 1641 ut
803 1580 935 1657 cantes,
957 1581 1003 1657 ot,
1021 1573 1105 1643 dum
1125 1576 1334 1659 cantaveris,
1352 1598 1415 1665 ego

214 1689 360 1774 saltabo,
376 1695 411 1758 et
425 1690 475 1758 sic
491 1688 688 1780 epulaberis
703 1686 872 1770 canendo,
890 1712 946 1758 me
960 1690 1116 1759 coriante
1131 1691 1176 1781 (l)
1189 1690 1349 1760 saltante.
1363 1691 1415 1759 Ad

215 1806 281 1875 hoc
296 1807 389 1896 cepit
409 1806 527 1897 Lupus
547 1827 671 1873 cancre
687 1811 722 1873 et
740 1803 835 1873 Edus
855 1805 994 1874 saltare.
1012 1805 1204 1875 Audientes
1228 1806 1294 1875 boc
1313 1829 1417 1875 canes

216 1922 314 1990 illius
333 1922 402 1990 vici
419 1922 591 2012 impetum
611 1922 770 1989 feceruut
784 1921 821 1988 in
838 1922 987 2012 Lupum,
1005 1944 1110 2012 quom
1127 1923 1277 1991 insecuti
1293 1922 1335 1991 ad
1352 1922 1417 1991 boc

216 2038 451 2128 conpuleruut
464 2042 504 2105 ut
517 2034 629 2105 Edum
646 2037 871 2128 relinqueret,
894 2043 929 2104 et
947 2036 1115 2106 liberatus
1130 2044 1184 2105 est
1198 2037 1303 2107 Edus.

283 2153 508 2244 Exemplum,
530 2151 623 2243 quod
648 2154 777 2243 aliquis
796 2154 908 2222 utitur
932 2153 1035 2221 bonis
1059 2155 1133 2222 suis
1155 2155 1192 2222 in
1212 2177 1295 2244 pace
1320 2161 1354 2221 et
1373 2154 1417 2220 si-

217 2271 344 2338 lancie.

408 2492 523 2548 xxvu
553 2493 671 2565 (cxv).
699 2525 735 2534 -
760 2494 810 2550 ou
841 2494 938 2565 [nau
967 2493 1030 2564 ar]
1061 2492 1225 2549 uarice.

290 2645 391 2712 Anus
412 2643 563 2734 quedam
584 2643 782 2733 patiebatur
800 2644 836 2712 in
856 2646 980 2713 oculis.
1004 2644 1107 2712 Facta
1131 2650 1249 2712 autem
1270 2665 1420 2712 conven-

226 2761 332 2842 tione,
349 2759 583 2850 spots)pondit
601 2759 756 2828 Medicus
776 2783 854 2828 eam
874 2767 1087 2828 curaturam.
1112 2759 1150 2827 ln
1175 2759 1278 2827 domo
1302 2765 1419 2827 autem

226 2876 342 2944 vetule
361 2875 513 2965 plurima
532 2882 631 2944 erant
649 2875 830 2943 utensilia.
854 2874 1031 2966 Cotlt)idie
1050 2873 1206 2943 Medicus
1225 2874 1422 2966 apponebat

220 2990 433 3060 medicinam
448 2990 558 3058 oculis
573 2992 650 3058 eius
665 2997 699 3059 ct
712 2990 881 3082 cot(t)idie
895 2991 1065 3081 paulatim
1081 2989 1264 3059 furabatur
1278 2989 1422 3058 vascula

221 3108 310 3186 eius,
331 3104 441 3173 donec
460 3111 532 3172 tota
555 3105 676 3173 domos
701 3106 776 3195 (sic)
801 3113 1041 3174 evacuaretur.
1063 3104 1217 3173 Tandem
1242 3105 1422 3174 convaluit

222 3223 322 3290 Anus
342 3221 415 3305 illa,
437 3244 518 3312 que,
535 3229 575 3289 ut
598 3220 688 3289 vidit
705 3220 849 3290 domum
872 3244 972 3289 suam
995 3221 1193 3311 spoliatam,
1217 3222 1422 3289 contristata

222 3345 287 3421 est,
305 3343 340 3436 et
355 3335 498 3405 nolebat
512 3337 646 3405 Modico
666 3360 765 3405 suam
780 3336 924 3406 reddere
940 3337 1150 3406 mercedem.
1172 3336 1325 3406 Medicus
1341 3359 1421 3405 cou-

221 3454 322 3521 venit
340 3477 417 3523 cam
433 3476 548 3521 coram
565 3453 691 3521 iudice.
714 3454 788 3535 Quo
807 3453 881 3521 ait:
903 3452 1067 3521 Nondum
1086 3453 1249 3522 convalui
1269 3452 1312 3544 ab
1327 3452 1422 3519 intir-

222 3571 358 3637 mitato.
375 3569 462 3638 Cum
482 3568 574 3636 enim
590 3568 714 3637 oculus
729 3590 830 3636 meus
845 3591 952 3636 sanus
968 3575 1070 3652 esset,
1092 3568 1246 3660 plurima
1260 3566 1419 3636 videbam

220 3687 257 3753 iu
272 3685 376 3755 domo
392 3707 481 3768 mea,
499 3708 567 3776 que
586 3684 689 3753 modo
705 3708 776 3752 nou
795 3682 906 3752 video.

292 3800 500 3890 Exemplum
521 3802 702 3890 sapientis,
728 3801 788 3890 qui
811 3800 932 3868 fraude
957 3800 1116 3870 fraudem
1138 3823 1158 3868 a
1186 3822 1222 3867 se
1247 3800 1346 3890 ponit
1370 3822 1422 3868 re·

222 3917 367 4007 pellere.

365 4141 495 4196 xxvur
526 4139 665 4213 (eurr).
693 4171 729 4181 -
756 4141 807 4196 ur:
835 4140 964 4196 vssrs
992 4139 1041 4195 ar
1068 4139 1288 4197 subrauca.

296 4300 410 4391 Vespa
438 4299 615 4392 pungebat
635 4300 757 4369 aculeo
786 4324 849 4369 suo
871 4308 975 4390 caput
1000 4300 1190 4391 Serpentis,
1215 4306 1250 4368 et
1276 4299 1427 4389 Serpens

227 4416 451 4509 angustabat.
468 4415 653 4484 Nitebatur
672 4440 708 4484 se
732 4439 894 4486 amovere
914 4416 956 4486 ab
976 4439 1028 4500 ea,
1049 4439 1113 4485 nec
1134 4423 1281 4505 poterat.
1303 4413 1349 4484 Ut
1366 4438 1428 4482 au-

284 4586 322 4659 (l)
343 4587 424 4642 lisca
438 4604 445 4642 :
459 4602 551 4642 corum
567 4592 601 4642 tr.
