3270 5626
215 505 262 556 396
542 502 692 553 ououls
721 503 900 556 nanctis
924 500 1090 564 abulen,

215 648 299 715 folia
309 653 344 714 et
357 647 448 714 bona
458 645 723 730 verbatantum‚
735 653 769 715 et
779 647 871 716 viret
885 653 920 715 et
934 646 1036 713 floret
1047 645 1217 728 exterius,
1230 645 1318 734 quia
1329 645 1412 713 ieiu-

215 768 289 843 nat,
305 769 380 830 orat
394 768 429 829 et
448 763 539 830 sieut
557 762 648 830 alius
668 761 945 852 elelelmesinam
961 761 1032 842 dat,
1047 765 1102 828 set
1121 782 1195 828 nen
1217 759 1413 835 fruetificat,

217 879 301 968 quia
315 877 407 946 bona
421 900 490 968 que
505 878 890 968 facit,pr0pte1·vanam
905 878 1055 969 gloriam
1070 876 1167 959 iacit,
1179 882 1216 944 et
1225 882 1265 944 vt
1280 875 1418 944 videan-

215 1001 274 1062 tur
293 993 336 1061 ab
352 992 568 1062 bominibus.
587 995 636 1062 De
650 993 782 1062 talibus
798 993 929 1062 dieitur
944 994 991 1085 (l)
1016 1014 1024 1062 :
1046 993 1269 1083 Receperunt
1288 1014 1418 1061 meree-

216 1108 296 1177 dem
316 1132 429 1176 suam.
448 1110 563 1177 Tertia
577 1108 681 1178 arbor
694 1116 758 1192 est,
776 1132 845 1200 que
860 1110 944 1178 lacit
962 1110 1117 1178 fructum
1133 1108 1285 1191 malum,
1298 1107 1341 1176 de
1352 1131 1419 1199 qua

216 1224 346 1293 dieitur
365 1224 530 1308 Mattheo,
553 1224 598 1292 lll
619 1225 668 1316 (2)
686 1246 694 1293 :
717 1226 840 1294 Omnis
860 1216 964 1293 arb'er
979 1245 1048 1315 que
1067 1245 1140 1292 non
1157 1222 1245 1292 lauit
1264 1224 1418 1293 fructum

217 1339 349 1408 bonum
363 1338 544 1407 ex'eidetur
555 1346 591 1408 et
604 1341 643 1407 in
658 1341 776 1431 ignem
792 1340 962 1408 mittetur.
980 1339 1045 1408 llic
1061 1346 1114 1408 est
1127 1340 1191 1430 qui
1203 1347 1326 1430 aperte
1341 1341 1422 1409 iacit

218 1455 310 1522 mala
330 1477 435 1544 opera
455 1460 489 1522 et
505 1454 565 1522 dat
583 1455 717 1523 malum
737 1456 937 1546 exemplum
959 1456 1086 1546 :quasi
1100 1455 1238 1524 mulum
1251 1456 1419 1535 fructum,

217 1568 275 1637 hic
295 1568 401 1638 homo
422 1570 583 1638 mittetur
602 1571 777 1662 inignem
797 1577 971 1640 eternum.
996 1555 1127 1652 Quarta
1141 1575 1250 1639 arbor
1266 1579 1333 1655 est,
1355 1595 1422 1662 que

217 1685 300 1753 lauit
319 1686 474 1753 fructum
496 1684 628 1754 bonum
648 1693 683 1754 et
701 1685 913 1755 durabilem.
935 1686 999 1755 Hie
1014 1694 1067 1756 est
1080 1685 1187 1756 homo
1203 1687 1268 1777 qui
1288 1685 1420 1756 bonum

217 1799 361 1868 inchoat
384 1807 419 1868 et
438 1808 652 1892 perseuerat,
679 1801 713 1871 id
731 1810 795 1883 est,
814 1802 902 1871 bene
924 1808 1093 1893 ¹operatur
1115 1824 1227 1894 usque
1254 1804 1294 1872 in
1316 1804 1420 1872 finem

217 1916 306 1997 vite3
325 1915 367 1985 de
387 1939 457 2007 quo
472 1915 600 1985 dieitur
620 1918 668 2008 (3)
687 1939 694 1984 :
722 1917 789 1999 Qui
811 1919 1091 2008 perseuerauerit
1109 1940 1222 2009 usque
1243 1919 1283 1987 in
1303 1919 1417 2001 linem,

218 2031 276 2100 hie
291 2031 411 2100 saluus
431 2033 509 2100 erit.
528 2033 570 2100 Et
583 2032 669 2101 alibi
691 2054 699 2100 :
722 2033 973 2102 inchoantibus
993 2056 1143 2125 regnum
1166 2034 1229 2102 Dei
1251 2036 1417 2128 permitti-

218 2153 276 2215 tur
290 2148 336 2237 (l)
359 2154 412 2215 set
426 2147 736 2237 perseuerantibus
748 2148 864 2218 datur.

290 2415 359 2470 xlv
387 2416 531 2488 (xcvlt).
561 2447 597 2459 -
624 2417 674 2471 DE
698 2416 867 2481 Qunulu
896 2417 1057 2473 PUELLA
1085 2417 1278 2474 POTENTE
1305 2419 1353 2475 nl

379 2515 590 2571 DlTlSSlllA
618 2514 697 2579 Qua
726 2514 893 2571 REGNUU
920 2514 1140 2581 Possuulr,
1172 2517 1259 2573 ssTc.

284 2708 440 2790 Quedam
461 2716 534 2791 erat
553 2710 670 2801 puella
689 2716 812 2800 potens
832 2718 866 2779 et
885 2705 1147 2802 ditissimaque
1168 2735 1321 2804 regnum
1341 2736 1411 2803 pos-

217 2821 323 2906 sedit,
354 2826 490 2894 eunetis
525 2824 626 2893 bonis
654 2833 689 2893 et
721 2825 972 2895 amenitatibus
1000 2826 1133 2910 dotata3
1174 2827 1270 2918 quud
1299 2828 1412 2898 videns

217 2940 360 3030 quidam
381 2964 440 3008 rex
461 2941 604 3008 inuidus
630 2947 663 3008 et
686 2940 828 3009 delusus
851 2941 1025 3033 cogitabat
1051 2965 1128 3010 eam
1154 2943 1196 3010 de
1223 2967 1333 3036 regno
1357 2966 1411 3011 suo

217 3057 404 3144 expellere,
431 3057 545 3123 sciens
571 3064 688 3124 tamen
718 3057 811 3147 qued
837 3081 898 3146 per
925 3059 1117 3149 potentiam
1142 3081 1221 3126 eam
1254 3084 1410 3152 superare

217 3171 272 3237 vel
288 3194 350 3259 per
367 3171 457 3239 duna
474 3195 550 3238 eam
571 3195 733 3239 excecare
749 3197 820 3240 non
840 3173 989 3241 valebat.
1008 3174 1094 3241 Dolo
1109 3176 1220 3263 igitur
1236 3176 1409 3258 insistens,

216 3285 258 3354 ad
275 3309 352 3353 eam
369 3287 446 3356 ficta
464 3289 619 3354 amicitia
640 3290 797 3370 accessit,
815 3296 848 3355 et
869 3290 918 3356 sie
933 3313 1010 3357 eam
1028 3291 1178 3359 latenter
1192 3295 1367 3362 eontriuit
1385 3300 1409 3361 et

216 3424 235 3468 a
261 3425 367 3491 regno
393 3405 533 3493 proprio
555 3404 685 3471 iniuste
705 3404 808 3472 deicit
833 3414 867 3472 et
886 3405 1007 3473 fraude
1029 3407 1125 3474 vicit.
1150 3408 1277 3477 Puella
1297 3411 1406 3501 igitur,

216 3518 253 3585 in
267 3527 470 3609 paupertate
487 3527 521 3586 et
541 3521 683 3587 miseria
696 3520 757 3588 diu
773 3522 912 3603 vinens
931 3523 1060 3590 virtute
1076 3529 1110 3590 et
1124 3522 1265 3593 diuitiis
1281 3550 1406 3596 carens.

88 3662 91 3670 ι
215 3633 257 3701 ad
283 3634 512 3702 hereditatem
538 3659 636 3702 suam
659 3659 815 3704 remeare
840 3661 910 3704 nun
930 3638 1079 3705 valebat.
1098 3639 1210 3707 Filius
1236 3642 1408 3710 cuiusdam

216 3751 307 3840 regis
323 3752 556 3840 potentissimi
573 3751 727 3840 puellam
743 3751 979 3835 adamauerat,
993 3761 1038 3836 et,
1052 3754 1180 3842 pietate
1196 3763 1329 3839 motus,
1341 3781 1408 3826 ean-

215 3865 294 3933 dem
315 3889 421 3955 qnam
434 3865 495 3933 diu
511 3874 689 3934 amauerat
705 3867 945 3959 desponsauit‚
965 3870 1028 3958 [ut]
1051 3892 1113 3960 per
1132 3871 1321 3941 viel-oriam
1338 3872 1406 3941 belli

215 3982 369 4070 puellam
386 3981 428 4048 ad
445 3981 675 4049 hereditatem
689 4006 802 4066 suam,
820 4007 925 4073 quam
942 3985 1072 4052 iniuste
1085 3985 1300 4076 perdiderat,
1314 3991 1408 4056 intre

215 4095 369 4164 duceret.
393 4098 430 4163 ln
451 4097 543 4164 bello
565 4098 673 4187 igitur
692 4106 813 4166 curura
833 4100 1015 4168 tirannum
1037 4101 1189 4170 letaliter
1207 4103 1277 4171 fnit
1294 4103 1403 4172 vulne-

269 4320 304 4392 (l)
323 4307 426 4393 bivang.
444 4321 525 4376 selon
540 4324 566 4375 S.
584 4322 722 4384 blatbieu,
739 4323 768 4375 C.
787 4340 823 4387 ιἰ,
840 4340 865 4376 v.
882 4327 909 4388 ᾖ,
926 4327 952 4391 5,
971 4327 1012 4377 lli.

269 4410 305 4481 (⁴2)
323 4412 415 4479 l'eyez
431 4410 459 4465 C.
476 4427 515 4475 ιιι,
533 4427 557 4465 ι’.
576 4414 618 4466 10.

268 4498 307 4569 (3)
325 4486 430 4570 livang.
447 4499 529 4553 selen
546 4501 573 4554 S.
589 4500 725 4558 Mathieu.
743 4501 772 4555 s..
791 4517 816 4563 x,
833 4517 858 4557 ι.
876 4502 919 4555 22.

270 4589 307 4657 (l)
326 4590 375 4642 lla.
394 4589 488 4643 Douee
506 4591 555 4643 169
568 4606 574 4643 :
588 4592 773 4660 promittitur.
