3270 5626
611 474 840 530 contremo
868 478 1007 530 PRIMA.
1371 481 1419 531 ³8³

216 631 295 694 tans
310 636 417 713 super
426 641 559 712 equum
574 627 751 703 meum,et
766 621 925 691 lanceam
942 620 1049 690 habui
1061 621 1097 689 in
1109 643 1218 691 manu
1234 645 1312 690 mea
1326 646 1419 693 erec·

215 747 299 809 tam.
311 738 410 806 Tunc
425 736 578 827 Vulpes:
591 735 771 805 Ascendas
787 738 895 828 igitur
905 737 1117 828 palefridum
1132 744 1235 807 tuum
1245 760 1326 807 cum
1343 739 1417 808 lan·

216 877 277 926 cea
288 851 394 922 modo
409 874 478 942 quo
494 852 605 943 prius.
623 852 701 935 Quo
718 874 875 936 ascenso,
892 852 982 921 dixit
995 852 1127 943 Vulpes
1146 854 1267 922 :Nunc
1278 855 1362 923 estis
1381 862 1418 924 vt

213 971 329 1062 primo
347 968 484 1050 luistis;
501 965 580 1036 ideo
596 989 692 1036 nunc
711 968 819 1037 instat
833 973 974 1060 tempus
989 967 1182 1037 iudicandi.
1200 969 1243 1036 Et
1256 968 1390 1039 addidit
1407 994 1415 1039 :

214 1086 312 1168 Vale,
330 1083 445 1167 miles,
468 1088 502 1152 et
515 1083 593 1152 vale
612 1081 713 1166 liber,
729 1106 952 1174 quocumque
965 1084 1129 1167 volueris,
1147 1090 1182 1152 et
1200 1084 1324 1154 amodo
1337 1109 1418 1155 cum

214 1202 335 1294 prauis
353 1222 425 1268 non
445 1206 479 1268 te
498 1199 698 1283 inmisceas,
714 1190 799 1290 quia
813 1222 995 1290 nunquam
1016 1201 1086 1268 nisi
1101 1201 1236 1269 malum
1254 1223 1280 1276 a,
1288 1201 1419 1272 talibus

214 1315 390 1409 optinebis
409 1337 474 1384 nec
494 1314 706 1405 reportabis;
732 1315 809 1384 ideo
833 1338 958 1385 caueas
984 1314 1027 1385 de
1050 1322 1177 1385 cetero.
1200 1316 1243 1384 Et
1267 1323 1317 1402 tu,
1340 1316 1420 1387 Sor·

215 1456 314 1524 pens,
328 1437 504 1501 reuertere
515 1430 558 1499 ad
569 1436 732 1500 naturam
746 1438 862 1516 tuam;
875 1438 1109 1521 superpectus
1124 1433 1416 1525 tuumgradieris,

214 1555 346 1618 terram
360 1547 522 1617 comedes
535 1547 628 1615 inter
646 1569 782 1637 vepres,
797 1546 957 1632 tribulos,
976 1548 1094 1637 spinas
1109 1555 1144 1618 et
1163 1571 1340 1641 rampnos,
1357 1550 1420 1620 ba-

215 1663 344 1734 bitabis
363 1663 471 1732 etiam
486 1663 523 1730 in
539 1663 701 1732 cauernis
715 1668 819 1746 terre,
836 1670 871 1732 et
885 1662 935 1731 ibi
955 1663 1204 1734 miserabiliter
1213 1665 1365 1758 peribis(
1392 1668 1416 1750 l.

280 1779 477 1868 Reposito.
499 1777 556 1847 Sic
574 1778 785 1847 multociens
805 1779 964 1870 contigit,
984 1779 1089 1871 quod,
1107 1780 1189 1849 licet
1207 1780 1290 1850 boni
1311 1780 1421 1850 chris·

217 1875 466 1985 tiani'iniquos
481 1899 515 1962 et
529 1915 714 1984 peruersos
730 1893 832 1962 bonis
851 1896 924 1963 suis
944 1902 1142 1964 sustentant
1160 1903 1195 1966 et
1213 1904 1420 1989 supportant

217 2017 252 2080 et
275 2033 296 2079 a
315 2015 429 2078 morte
444 2008 608 2092 liberant,
625 2009 892 2092 nichilominus,
910 2013 1011 2101 quasi
1031 2018 1221 2101 serpentes,
1244 2013 1335 2095 illos
1358 2035 1419 2104 per

216 2126 450 2198 detractiones
474 2131 509 2193 et
534 2123 707 2194 inuidiam
733 2147 775 2193 ex
802 2148 924 2194 eorum
951 2127 1092 2196 malicia
1118 2127 1354 2217 procedentes,
1381 2129 1418 2196 in

216 2247 388 2333 quantum
403 2246 564 2332 possunt,
577 2247 727 2332 grauant
741 2248 776 2310 et
786 2241 998 2310 mortificant
1008 2264 1016 2323 ;
1027 2242 1069 2310 de
1085 2242 1213 2334 quibus
1226 2243 1420 2336 vulgariter

216 2357 347 2428 dicitur
363 2379 371 2425 :
389 2357 481 2426 Erue
502 2358 617 2425 furem
637 2379 658 2425 a
676 2357 785 2426 furcis
809 2363 844 2425 et
858 2364 891 2426 te
911 2381 982 2425 non
1004 2357 1141 2426 desinet
1163 2358 1290 2428 abinde
1312 2360 1419 2429 infes-

215 2479 303 2556 tare,
325 2472 419 2564 quod
439 2472 539 2542 valde
562 2474 805 2563 serpentinum
830 2479 863 2542 et
886 2473 1100 2543 diabolicum
1120 2480 1183 2560 est,
1201 2475 1334 2544 malum
1355 2499 1417 2567 pro

216 2589 308 2659 bono
323 2587 484 2671 reddere;
502 2594 555 2657 set
573 2589 658 2679 quid
674 2588 792 2657 dicant
806 2588 955 2680 Equ[u]s
969 2595 1004 2658 et
1018 2590 1129 2658 Boset
1143 2591 1287 2681 pessimi
1302 2591 1418 2660 homi-

215 2727 278 2774 nes
293 2703 431 2773 dierum
446 2705 622 2773 malorum
636 2705 838 2789 inueterati,
849 2705 910 2796 qui
926 2705 1122 2774 secundum
1136 2727 1279 2775 cursum
1295 2707 1419 2775 mundi

216 2820 395 2890 iudicant‘t
408 2820 483 2889 Erit
503 2820 554 2889 eis
569 2820 764 2891 secundum
784 2820 877 2912 quod
896 2820 1026 2890 dicitur
1040 2844 1102 2912 per
1121 2821 1326 2913 prophetam
1344 2823 1392 2914 (2)
1410 2844 1418 2893 ε

215 2937 278 3019 Ve,
309 2937 371 3026 qui
396 2936 511 3005 dicitis
535 2937 669 3005 malum
697 2935 829 3005 bonum
859 2943 893 3005 ct
916 2936 1048 3006 bonum
1074 2938 1220 3020 malum,
1251 2945 1421 3030 ponentes

215 3052 377 3121 tenebras
392 3044 507 3121 lucem
523 3059 557 3121 et
578 3052 694 3121 lucem
708 3052 886 3121 tenebrasl
905 3053 932 3120 E
947 3055 1122 3123 contrario
1142 3053 1227 3145 quid
1241 3053 1327 3123 dicit
1342 3077 1424 3146 pru-

215 3166 303 3236 dens
321 3168 465 3259 Vulpes,
485 3167 520 3236 id
539 3174 593 3237 est
612 3168 783 3250 Christus,
805 3190 867 3258 per
886 3167 1018 3238 uavidr
1037 3169 1125 3238 Cum
1144 3192 1310 3260 accepero
1334 3177 1421 3240 tem-

214 3306 293 3374 pus,
314 3305 379 3375 ego
407 3285 561 3353 iustitias
588 3283 762 3353 iudicabo
785 3285 852 3352 lsto
872 3284 1003 3374 Vulpes
1027 3286 1064 3353 in
1092 3285 1200 3355 rubea
1229 3286 1334 3376 pelle,
1359 3309 1422 3376 per

214 3400 380 3491 stigmata
394 3401 568 3490 passionis
583 3423 657 3483 sue,
672 3400 780 3468 indie
796 3398 915 3490 iudicij
934 3401 1109 3490 separabit
1124 3424 1208 3471 oues
1223 3401 1267 3470 ab
1279 3401 1418 3492 [bledla

215 3521 395 3605 serpentes
410 3539 430 3584 a
444 3515 630 3600 militibus,
650 3515 684 3584 id
700 3523 752 3585 est
767 3516 854 3584 talos
870 3516 960 3583 lilios
976 3515 1107 3584 diaboli
1122 3518 1227 3586 asuis
1242 3517 1417 3601 fidelibus,

215 3631 390 3721 facietque
408 3632 560 3700 militem
580 3630 766 3699 ascendere
786 3654 891 3722 super
909 3632 1132 3722 palefridum,
1154 3633 1220 3702 hoc
1238 3641 1303 3716 est,
1325 3635 1418 3702 rein·

215 3746 367 3838 tegrabit
390 3769 516 3837 corpus
538 3748 710 3838 cuiusque
726 3746 838 3817 tidelis
854 3770 935 3816 cum
958 3751 1077 3816 anima
1100 3750 1360 3839 supersedente,
1384 3754 1419 3817 et

215 3860 320 3931 ibunt
343 3861 445 3931 liberi
474 3863 512 3930 in
537 3863 647 3930 vitam
677 3869 844 3932 eternam.
872 3864 1057 3953 Serpentes
1084 3887 1178 3948 vem,
1208 3864 1243 3933 id
1272 3870 1324 3934 est
1352 3864 1416 3932 lilii

216 3976 323 4047 buius
339 3978 441 4060 lucis,
459 3977 551 4047 inter
569 4001 690 4068 vepres
711 3985 744 4046 et
759 4000 934 4068 rampnos,
953 3979 988 4048 id
1003 3985 1056 4048 est
1077 3981 1170 4048 inter
1183 4003 1290 4071 penas
1309 3981 1417 4048 infer-

215 4094 327 4175 nales,
344 4094 528 4162 comedent
544 4100 685 4173 terram,
702 4093 769 4162 hoc
788 4101 852 4177 ost,
870 4094 920 4161 ibi
940 4095 1039 4163 luent
1056 4096 1130 4185 (fol.
1148 4097 1203 4188 20)
1220 4095 1416 4165 delectatio·

214 4231 277 4277 nes
295 4217 450 4278 terrenas
471 4211 612 4279 illicitas
631 4210 835 4278 eternaliter
852 4233 939 4300 quas
960 4210 1017 4279 bic
1037 4210 1179 4294 babent,
1197 4218 1231 4281 et
1252 4210 1417 4302 peribunt

216 4324 257 4394 de
277 4332 372 4395 terra
387 4327 603 4401 viuencium.
619 4349 724 4416 quam
745 4326 917 4394 Dominus
933 4328 1093 4415 promisit
1115 4326 1278 4395 fidelibus
1293 4328 1367 4396 suis
1382 4333 1417 4394 et

266 4496 305 4565 (l)
323 4496 446 4566 Genese,
461 4497 492 4551 C.
507 4514 545 4559 nr,
561 4513 586 4552 r.
605 4498 637 4550 u
653 4499 682 4551 et
694 4511 732 4550 ss.

267 4585 305 4656 (t)
330 4586 422 4656 Voyez
436 4585 466 4642 la
480 4585 637 4656 Prophetie
651 4583 765 4649 d'lsai'e,
782 4586 812 4640 C.
829 4601 854 4640 r.
874 4603 899 4654 v,
917 4589 961 4640 20.
