3270 5626
361 480 515 533 onours
539 480 592 534 nn
618 450 829 534 cn'mroua
854 472 1042 536 ranunrn'.
1257 486 1303 545 aaa

96 635 188 710 tum,
210 627 327 715 ipsum
341 625 469 707 Deum,
486 630 521 693 et
539 624 700 707 uidentes
718 622 880 694 umbram
896 625 997 693 istius
1017 625 1153 709 mundi,
1170 614 1304 697 scilicet

97 741 258 825 diuicias‚
270 739 393 830 pulcra
406 739 739 827 cibariamulieres,
753 739 954 830 dignitates,
966 740 1038 808 illis
1053 740 1234 810 adherent.
1253 744 1302 812 De

76 925 79 929 ,
96 856 226 948 quibus
245 855 423 945 Sapientia
440 855 555 944 [liber,
576 854 628 945 C.]
640 878 675 940 v,
690 857 737 945 [v.
755 855 824 924 9et
842 857 903 945 ss]
916 877 924 922 :
938 856 1166 925 Transierunt
1182 859 1302 926 omnia

96 973 158 1041 illa
172 979 340 1063 tanquam
358 969 484 1039 umbra
501 975 536 1040 et
550 977 719 1061 tanquam
733 972 886 1040 nuncius
903 972 1159 1062 [praecurrens],
1177 980 1211 1041 ct
1225 980 1302 1043 tan·

50 1063 60 1077 ⁴
96 1109 204 1179 quam
218 1087 334 1169 nauis,
345 1107 414 1176 que
429 1087 618 1175 pertransit
631 1087 859 1155 fluctuantem
876 1087 1043 1177 [aquaml
1056 1095 1116 1156 aut
1130 1095 1300 1179 tanquam

95 1203 172 1271 auis
203 1223 272 1292 que
295 1201 493 1269 transuolat
518 1201 555 1268 in
580 1223 671 1285 aere,
697 1207 832 1293 etpost
857 1201 922 1270 hoc
950 1202 1091 1270 nullum
1116 1204 1299 1273 inuenitur
1331 1266 1344 1300 s

95 1323 345 1409 argumentum
368 1316 508 1384 itineris
536 1315 646 1399 illius,
676 1322 737 1385 aut
759 1323 928 1407 tanquam
952 1318 1078 1410 sagitta
1106 1320 1234 1386 emissa
1260 1320 1297 1388 in

19 1493 24 1503 .
96 1433 212 1502 locum
227 1429 443 1500 destinatum
455 1453 463 1515 ;
477 1429 613 1500 diuisus
627 1452 687 1500 aer
701 1432 869 1500 continuo
884 1432 921 1498 in
937 1454 972 1501 se
988 1455 1151 1501 recursus
1167 1433 1214 1524 (1)
1231 1441 1294 1502 est.

94 1531 189 1615 Talia
207 1545 375 1614 dixerunt
393 1546 431 1614 in
450 1545 590 1615 inferno
609 1546 660 1614 hii
679 1547 740 1638 qui
760 1553 1008 1637 peccauerunt,
1030 1550 1198 1638 quoniam
1217 1571 1296 1639 spes

96 1663 194 1752 impii
214 1663 316 1752 quasi
336 1660 466 1753 lanugo
487 1662 579 1751 [est],
603 1684 671 1752 que
698 1684 718 1729 a
743 1668 850 1730 uento
872 1661 1021 1741 tollitur,
1043 1671 1104 1730 aut
1127 1670 1295 1753 tanquam

95 1799 219 1868 spuma
242 1776 384 1867 gracilis
410 1799 478 1867 que
501 1799 522 1844 a
547 1776 698 1866 procella
720 1776 945 1869 dispergitur,
974 1784 1008 1846 et
1033 1784 1201 1869 tanquam
1231 1780 1296 1847 llu-

95 1894 173 1961 uius
189 1893 239 1982 (2)
255 1892 316 1982 qui
331 1881 352 1959 a
370 1898 478 1959 uento
493 1890 642 1961 diffusus
657 1898 720 1976 est,
731 1898 765 1960 et
780 1899 949 1983 tanquam
964 1894 1133 1961 memoria
1148 1893 1295 1984 hospitis
1360 1870 1363 1879 ⁸

97 2009 204 2077 unius
218 2006 289 2076 diei
308 2007 555 2097 pretereuntis.
571 2008 659 2076 Ecce
678 2006 772 2098 quod
790 2007 923 2077 bonum
942 2015 1005 2090 est,
1024 2008 1175 2076 solidum
1190 2016 1224 2078 et
1239 2011 1295 2077 in-

93 2119 372 2213 colmlmutabile
391 2144 454 2212 pro
473 2121 540 2191 hac
554 2120 680 2191 umbra
700 2122 852 2213 perdunt
865 2128 905 2206 ,et
924 2130 1072 2214 utroque
1093 2125 1290 2213 priuantur.

93 2239 259 2308 Ieremias
280 2236 343 2327 ((1.)
365 2260 401 2320 11,
422 2238 468 2327 [v.
489 2238 544 2327 13]
563 2259 572 2307 :
588 2236 643 2306 Me
657 2236 921 2329 dereliquerunt
940 2238 1073 2306 fontem
1088 2262 1176 2330 aque
1197 2239 1291 2323 uiue,

93 2363 126 2423 et
149 2353 315 2426 foderunt
333 2353 400 2421 sihi
428 2354 609 2436 cisternas,
633 2376 701 2445 que
725 2376 796 2422 non
819 2353 940 2422 ualent
966 2355 1147 2423 continere
1171 2376 1291 2444 aquas.

91 2470 162 2539 lloc
184 2475 249 2552 est,
274 2467 527 2538 laborauerunt
545 2475 585 2537 ut
603 2464 773 2538 hab'erent
794 2468 856 2538 hec
876 2469 1089 2554 transitoria,
1107 2471 1145 2538 in
1165 2469 1294 2560 quibus

89 2584 189 2654 n'ulla
208 2584 351 2653 reiectio
370 2607 469 2652 uera.
494 2584 553 2652 llii
574 2583 758 2653 dimittunt
777 2585 893 2653 rosam
912 2607 975 2674 pro
996 2586 1120 2669 urtica,
1142 2607 1292 2676 granum

90 2723 151 2791 pro
181 2699 294 2791 palea,
319 2698 431 2767 solem
452 2721 514 2789 pro
541 2698 639 2782 luna,
664 2700 792 2768 uinum
813 2722 875 2790 pro
899 2701 967 2769 lete
996 2700 1057 2791 (3),
1088 2700 1206 2768 oleum
1230 2723 1294 2791 pro

89 2837 246 2898 amurca,
272 2837 336 2904 pro
361 2820 472 2883 morte
497 2814 622 2898 uitam,
648 2816 842 2883 martinum
862 2815 942 2907 (sic)
971 2836 1034 2907 pro
1058 2816 1176 2884 salice.
1200 2814 1293 2883 Talis

89 2931 218 3000 dicitur
238 2928 387 2999 adulter.
413 2929 634 3021 Augustinus
656 2950 665 2999 ι
693 2928 730 2999 si
751 2930 882 3000 deseris
904 2953 986 2999 eum
1013 2931 1074 3021 qui
1094 2937 1127 2998 te
1157 2931 1240 2998 fecit
1258 2937 1294 2998 et

89 3069 185 3116 amas
204 3045 349 3137 illaque
369 3045 462 3127 fecit,
480 3044 619 3113 deserto
635 3045 682 3136 (p.
700 3047 776 3131 513,
792 3068 821 3114 c.
841 3046 872 3136 1)
894 3045 968 3129 illo,
984 3044 1123 3114 adulter
1138 3068 1187 3113 es.
1200 3043 1292 3113 Talis

91 3162 217 3231 dicitur
232 3160 391 3229 idolatra.
407 3159 575 3250 [Epistola
592 3160 627 3260 S.
646 3159 758 3251 Pauli]
780 3160 823 3229 ad
838 3161 1013 3229 Romanos
1026 3161 1088 3250 (Ο.)
1106 3184 1129 3243 1,
1149 3162 1194 3250 [v.
1211 3162 1290 3251 25]:

94 3278 157 3359 Qui
177 3276 541 3367 commn(n)tauerunt
565 3277 752 3345 ueritatem
776 3277 837 3345 Dei
860 3277 897 3343 in
919 3275 1154 3360 mendacium,
1176 3281 1211 3344 et
1235 3298 1294 3345 co·

96 3391 234 3461 luerunt
255 3398 290 3462 et
310 3391 514 3461 seruierirnt
532 3399 692 3461 creature
715 3393 836 3483 pocius
856 3413 963 3482 quam
979 3391 1144 3476 Creatori,
1162 3393 1221 3481 qui
1242 3399 1293 3459 est

98 3497 503 3592 henedictdsjn'secula.

399 3725 496 3782 Lllll.
522 3755 559 3766 -
585 3723 637 3778 DE
663 3721 772 3778 RANA
798 3721 982 3777 lNFLATA.

268 3880 408 3941 conus.
427 3893 569 3954 magna
590 3877 813 3951 appetentes
830 3889 878 3936 ex
896 3877 1040 3936 inuidia
1055 3874 1097 3954 (1)

154 4043 250 4111 llana
270 4042 510 4113 uiditssouem
536 4044 574 4111 in
594 4048 693 4133 prato
718 4041 952 4111 incedentem.
974 4041 1146 4133 Cogitauit
1166 4043 1193 4108 si
1215 4062 1291 4130 pos-

84 4162 142 4224 set
160 4180 233 4225 esse
249 4159 299 4226 ita
313 4181 462 4251 magnus
482 4159 556 4250 (sic)
576 4164 617 4226 ut
639 4158 704 4226 Bos
725 4157 798 4242 ille,
821 4164 855 4225 et
874 4159 1015 4225 uocauit
1034 4157 1123 4223 lilios
1143 4155 1288 4225 dicens:

143 4317 181 4389 (1)
193 4319 290 4375 llieux
303 4318 433 4375 ostdans
448 4319 641 4376 aureolanus.

144 4404 178 4476 (2)
193 4407 290 4475 1linsi;
305 4408 390 4476 mais,
408 4424 524 4465 comme
537 4408 610 4464 dans
625 4408 684 4462 1111.
699 4413 729 4462 et
740 4407 813 4463 dans
828 4408 873 4474 6.,
888 4405 908 4461 il
923 4405 984 4460 lant
998 4405 1051 4479 lire
1064 4408 1167 4473 [umus.

148 4497 183 4567 (3)
198 4497 275 4553 lisez
289 4514 296 4552 ε
309 4499 378 4566 fece.

143 4583 179 4656 (1)
195 4587 254 4642 us.
271 4590 317 4655 ³5,
329 4587 387 4642 llB.
403 4589 448 4654 69,
464 4587 524 4642 111).
540 4587 589 4654 75,
605 4586 660 4643 AB.
677 4587 721 4654 69,
738 4586 792 4641 cl.
809 4585 853 4640 62.
