3270 5626
377 496 424 547 292
611 492 762 545 ononls
787 491 839 544 DE
866 492 1076 558 cnuluoun
1100 493 1347 546 PARABOLAE.
1457 566 1464 579 .

607 737 713 792 lxix.
740 768 775 778 -
800 738 851 793 DE
879 737 1056 794 RUSTlCO
1081 738 1130 793 ΕΤ
1156 737 1272 795 LUPlS
1297 738 1349 811 (1).

443 916 606 985 Rusticus
635 916 781 984 arietem
810 914 1026 985 excoriatum
1056 916 1211 1008 portauit
1240 914 1284 984 ad
1314 916 1448 999 lorum,
1479 939 1578 1008 quem

374 1035 448 1127 lupi
481 1031 799 1123 consequebantur.
822 1030 958 1113 Quibus
985 1031 1169 1101 rusticus:
1196 1028 1371 1114 Quamdiu
1396 1055 1455 1101 me
1485 1033 1579 1125 sequi

373 1148 591 1245 proponitis?
609 1147 673 1218 Cui
693 1148 794 1239 lupi:
816 1147 1014 1230 Quamdiu?
1033 1146 1210 1229 Quamdiu
1235 1147 1383 1217 arietem
1412 1149 1575 1240 portabis.

375 1267 418 1337 Et
436 1268 486 1336 ait
511 1267 663 1335 rusticus
685 1285 693 1332 :
715 1250 806 1331 blalo
826 1264 972 1332 arietem
997 1263 1175 1333 dimittere
1194 1285 1301 1356 quam
1321 1264 1411 1332 tales
1436 1267 1576 1334 comites

376 1382 518 1452 habere.
541 1383 584 1451 Et
603 1381 721 1450 statim
745 1380 892 1448 arietem
916 1378 1053 1473 proicit.

557 1649 647 1705 Lxx.
674 1679 708 1689 -
736 1648 787 1703 ns
816 1646 1004 1715 onoma,
1033 1648 1145 1715 ouuu
1172 1648 1385 1704 neruosas

784 1745 1088 1811 suounasuruu
1115 1744 1164 1818 (2).

438 1923 588 2007 Quidam
608 1921 762 2013 portauit
781 1921 924 1991 bursam
943 1920 1098 1991 denariis
1117 1922 1272 2014 plenam,
1294 1945 1401 2014 quem
1423 1924 1570 1992 latrones

372 2040 620 2134 sequebantur.
634 2038 769 2121 Quibus
784 2039 853 2108 ait:
872 2037 987 2120 Quare
1003 2039 1193 2129 sequimini
1207 2043 1288 2107 me?
1300 2038 1368 2121 Qui
1383 2038 1567 2109 dixerunt:

371 2160 515 2248 Propter
534 2155 689 2224 bursam.
711 2154 847 2238 atille,
870 2160 910 2223 ut
928 2153 1138 2222 liberaretur
1156 2177 1177 2223 a
1200 2154 1411 2237 latronibus,
1434 2155 1569 2225 bursam

368 2273 524 2366 proiecit.

438 2388 526 2477 Lupi
546 2394 630 2456 sunt
648 2386 815 2455 demones
836 2386 910 2476 qui,
933 2386 1101 2477 quamdiu
1120 2391 1302 2476 peccatum
1322 2392 1456 2479 portas,
1479 2394 1511 2457 tc
1531 2387 1568 2457 ad

371 2501 613 2574 deuorandum
637 2508 845 2592 sequuntur.
873 2501 1038 2570 Latrones
1065 2508 1147 2570 sunt
1171 2502 1330 2571 carnales
1355 2503 1475 2587 amici,
1498 2503 1568 2587 lilii,

368 2626 524 2711 nepotes,
535 2619 636 2709 praui
649 2618 855 2701 seruientes,
867 2616 1079 2703 adulatores,
1091 2619 1152 2708 qui
1162 2617 1334 2708 diuitibus
1342 2618 1567 2712 applaudunt.

470 2890 573 2946 lxxi.
603 2919 638 2930 -
666 2887 715 2941 DE
741 2884 912 2951 Quonam
938 2885 1102 2940 FRATRE
1129 2885 1469 2942 concupiscam

599 2985 742 3041 FlLlAll
772 2982 1026 3039 SACERDQTlS
1056 2982 1268 3039 lllOLORUbl
1289 2984 1338 3055 (3).

436 3163 586 3245 Quidam
607 3164 713 3231 frater
732 3161 821 3229 uidit
841 3161 951 3229 filiam
971 3159 1160 3229 sacerdotis
1180 3158 1366 3250 ydolorum
1391 3171 1426 3232 et
1446 3187 1569 3233 concu-

368 3281 470 3372 piuit,
493 3288 526 3347 et
550 3279 638 3347 dixit
657 3279 746 3369 patri
767 3279 843 3345 eius
865 3297 872 3343 :
892 3278 940 3345 Da
961 3277 1047 3344 mihi
1072 3278 1181 3344 filiam
1201 3284 1298 3345 tuam
1319 3302 1481 3348 uxorem.
1506 3280 1568 3363 Qui

367 3398 445 3467 ait:
475 3394 701 3486 Interrogabo
725 3393 909 3462 dominum
939 3415 1069 3461 mcum.
1101 3393 1246 3462 Etcum
1275 3393 1566 3488 interrogaucrat,

370 3510 548 3604 respondit
566 3510 717 3579 demon:
740 3510 776 3577 Si
792 3510 936 3600 negauit
957 3508 1171 3599 baptismum
1191 3517 1226 3578 et
1244 3508 1431 3580 dominum
1452 3537 1566 3596 suum,

372 3629 416 3699 da
435 3629 501 3697 illi.
519 3628 561 3695 Et
581 3626 775 3695 monachus
794 3625 978 3694 concessit.
1002 3624 1044 3692 Et
1063 3625 1183 3692 statim
1199 3624 1287 3694 uidit
1306 3627 1510 3697 columbam
1530 3652 1568 3698 cx

372 3769 431 3816 ore
454 3745 541 3836 [suo]
567 3742 754 3811 ascendere
775 3742 811 3808 in
831 3740 958 3809 celum.
982 3740 1186 3830 lled(d)iens
1206 3740 1366 3810 sacerdos
1387 3743 1429 3812 ad
1451 3745 1569 3814 diabo-

371 3862 446 3931 lum
471 3862 520 3929 ait
542 3884 549 3929 :
572 3859 643 3926 lam
663 3859 782 3926 omnia
802 3857 893 3924 lecit.
917 3856 960 3924 Et
979 3855 1159 3945 respondit
1177 3856 1306 3925 demon
1329 3878 1337 3924 ε
1358 3857 1437 3927 Non
1457 3860 1566 3943 dabis,

370 3979 452 4070 quia
465 3976 578 4044 adbuc
591 3981 643 4042 est
656 3973 746 4040 Deus
761 3994 842 4040 cum
855 3994 907 4039 eo.
924 3971 990 4052 Qui
1003 3969 1189 4061 redld)iens
1204 3972 1271 4040 ait:
1283 3971 1360 4041 Non
1376 3973 1479 4058 dabo,
1491 3976 1569 4067 quia

371 4092 457 4162 deus
478 4098 559 4160 tuus
579 4090 721 4158 adiuuat
741 4095 785 4155 te.
808 4086 880 4155 Hoc
895 4085 1042 4154 audiens
1061 4087 1254 4156 monachus
1271 4089 1322 4157 ait
1343 4111 1350 4157 :
1374 4088 1410 4156 Si
1427 4090 1569 4161 adiuuat

423 4326 461 4397 (1)
474 4325 616 4381 dominico
626 4324 674 4394 iij·
682 4329 747 4394 post
759 4320 882 4376 octabam
898 4319 1009 4385 Pascha,
1023 4318 1172 4374 secundum
1183 4319 1344 4388 iohannem,
1360 4324 1435 4392 .ctj⁶.
1448 4355 1484 4366 -
1495 4326 1567 4381 Vada

371 4414 408 4469 ad
421 4430 489 4470 eum
506 4413 556 4484 qui
572 4428 619 4467 me
635 4412 715 4466 misit
730 4417 759 4466 ct
774 4426 861 4465 nomo
875 4426 909 4463 ex
923 4408 1008 4463 uobis
1022 4409 1183 4480 interrogat
1199 4424 1245 4463 me
1264 4426 1271 4463 ε
1288 4410 1351 4474 Quo
1367 4413 1476 4468 uadis?

424 4504 457 4571 (2)
472 4503 565 4558 bieme
581 4517 710 4556 sermon.

423 4591 461 4663 (3)
481 4590 572 4646 lldme
588 4606 717 4646 sermon.
