3270 5626
350 495 502 548 0120le
528 496 580 548 DE
606 495 818 549 cumcunl
844 497 1031 551 FABULAE.
1245 502 1290 553 235

88 640 173 732 quid
194 646 287 709 esset
301 640 600 708 strenuissimum.
623 637 775 708 Tandem
795 639 984 710 uidebatur
997 642 1064 710 sibi
1084 642 1176 733 quod
1196 644 1291 712 Ven-

91 764 157 838 tus,
189 757 272 847 quia
304 755 496 846 prosternit
527 753 661 838 cedros,
697 762 823 838 turres,
852 755 985 824 domos.
1016 758 1111 825 Misit
1143 758 1291 828 nuncios

91 873 203 940 Vento
218 870 312 962 quod
331 877 424 939 esset
438 871 586 939 maritus
606 872 693 940 eius.
712 871 807 938 Dixit
820 871 955 939 Ventus
973 892 980 940 :
998 871 1112 952 Quare
1127 874 1206 942 uult
1220 897 1293 943 mo

90 1010 171 1056 cum
186 985 417 1055 contraheret
436 986 607 1054 Dixerunt
624 987 747 1055 nun'cii
766 1008 773 1053 :
797 987 886 1068 Quia
905 988 997 1054 inter
1016 1010 1137 1056 omnes
1157 996 1294 1058 creatu-

93 1127 147 1172 ras
166 1125 205 1171 es
224 1103 427 1171 fortissima.
446 1101 637 1192 Respondit
655 1102 814 1171 Ventus:
838 1102 978 1192 llm)mo
993 1110 1147 1171 castrum
1161 1105 1294 1174 Narbo-

94 1241 202 1287 nense
223 1219 356 1286 iorcius
375 1223 428 1285 est
447 1239 515 1300 me,
542 1217 626 1307 quia
650 1218 720 1285 iam
748 1218 827 1307 plus
851 1240 958 1309 quarn
982 1241 1045 1308 per
1064 1219 1162 1288 mille
1183 1242 1293 1290 annos

94 1335 190 1402 stetit
208 1332 398 1402 aduersum
418 1354 474 1400 me
498 1338 534 1400 et
554 1328 710 1422 [slcindit
733 1339 768 1401 et
791 1335 982 1423 confringit
1007 1337 1101 1404 uires
1125 1359 1234 1419 meas,
1260 1341 1296 1403 et

95 1454 278 1539 nunquam
295 1451 391 1539 potui
411 1471 492 1517 eum
514 1449 586 1538 (sic)
610 1456 840 1538 prosternere.
862 1449 1007 1518 Reuersi
1024 1457 1107 1519 sunt
1121 1452 1245 1520 nuncii
1260 1458 1296 1520 et

98 1565 296 1634 retulerunt
314 1586 532 1655 responsum,
555 1570 591 1633 et
608 1563 697 1633 dixit
714 1563 816 1633 Mus:
839 1565 889 1633 Ex
908 1588 977 1656 quo
997 1567 1125 1635 forcior
1144 1573 1196 1635 est
1211 1568 1295 1636 Tur-

98 1682 154 1760 ris,
177 1679 260 1749 uolo
280 1678 373 1771 quod
387 1681 433 1748 sit
450 1681 598 1748 maritus
618 1702 728 1748 meus.
748 1680 973 1771 significabat
988 1681 1053 1750 hoc
1068 1682 1180 1766 Turni,
1198 1688 1234 1750 et
1247 1681 1296 1750 ait

98 1796 215 1865 Turris
233 1818 241 1864 ε
260 1796 372 1877 Quare
387 1795 467 1864 uult
488 1818 628 1864 mecum
647 1795 875 1865 contrahere?
890 1797 933 1864 Et
953 1820 1158 1889 responsum
1177 1820 1184 1867 :
1207 1799 1296 1880 Quia

99 1935 150 1981 res
170 1935 209 1980 es
228 1912 420 1980 fortissima
435 1918 470 1979 et
482 1911 611 1980 forcior
625 1911 750 1980 Vento.
773 1912 816 1980 Et
834 1912 883 1980 ait
897 1912 1016 1980 Turris
1037 1935 1044 1983 :
1067 1913 1165 1982 Certe
1179 1914 1296 1983 Mures

99 2033 180 2096 sunt
199 2027 366 2096 forciores
385 2049 454 2110 me,
472 2028 557 2118 quia
575 2033 648 2096 tota
665 2027 794 2097 diemo
814 2028 993 2119 perforant
1014 2036 1048 2097 et
1062 2030 1241 2121 frangunt,
1263 2036 1298 2097 et

98 2145 232 2213 faciunt
254 2142 350 2211 uiam
370 2166 432 2233 per
454 2165 524 2212 me.
546 2143 589 2211 Et
603 2145 663 2226 ita,
685 2143 804 2213 habito
823 2145 981 2227 consilio,
1002 2144 1184 2234 oportebat
1204 2144 1297 2236 quod

98 2259 172 2328 Mus
187 2258 324 2327 Murem
343 2257 410 2331 sihi
432 2260 629 2328 associaret.

163 2374 220 2443 Sic
242 2374 401 2465 plerique
426 2374 535 2443 ardua
559 2376 815 2465 excogitantot
836 2375 1015 2443 mirabilia
1037 2376 1150 2444 facere
1173 2397 1298 2464 propo-

100 2493 144 2579 (p.
159 2490 237 2573 tlt,
255 2513 284 2558 c.
297 2490 329 2578 l)
346 2496 448 2572 nunt,
466 2496 524 2558 et:

301 2662 484 2723 ruturiunt
498 2667 640 2735 montes,
658 2668 688 2723 et
705 2662 769 2723 exit
782 2659 827 2741 (1)
841 2661 997 2723 ridiculus
1013 2662 1092 2722 llus.
1139 2637 1142 2647 ’

63 2842 70 2866 ⁸
166 2836 297 2927 [Libro]
319 2837 363 2904 lV
382 2838 529 2929 Regum,
553 2837 706 2928 [C.]x1v,
731 2841 775 2928 [v.
799 2842 818 2906 9
839 2845 873 2906 et
892 2840 968 2927 ss.],
989 2837 1078 2905 dixit
1103 2860 1164 2905 rex
1188 2837 1299 2905 lsrael

101 2952 141 3020 ad
161 2954 342 3021 Amasiam
368 2976 484 3044 regem
506 2954 616 3024 luda:
644 2954 800 3023 Carduus
821 2953 944 3022 Libani
965 2955 1063 3022 misit
1082 2952 1125 3021 ad
1146 2951 1299 3020 Cedrum

100 3091 165 3158 que
181 3069 287 3137 estin
303 3068 446 3152 Libano,
468 3069 589 3139 dicens
607 3091 615 3135 ε
634 3070 684 3138 Da
700 3069 810 3138 liliam
830 3075 928 3138 tuam
950 3070 1022 3137 filio
1043 3091 1122 3137 meo
1137 3090 1296 3137 uxorem.

102 3183 398 3274 Transieruntque
412 3184 522 3253 bestie
538 3186 661 3267 saltus,
679 3208 747 3275 que
761 3192 844 3253 sunt
860 3186 897 3252 in
910 3161 1054 3265 Libano,
1068 3190 1103 3252 et
1117 3183 1299 3253 conculca-

104 3306 231 3367 uerunt
244 3298 433 3368 Carduum.
449 3301 658 3391 Percuoiens
674 3302 859 3369 inualuisti
875 3323 981 3391 super
995 3300 1119 3383 Edom,
1131 3307 1164 3368 et
1180 3300 1298 3368 suble-

103 3417 198 3484 uauit
219 3423 254 3484 te
277 3438 337 3484 cor
360 3423 474 3484 tuum.
498 3415 689 3485 Contentus
715 3423 790 3486 esto
809 3417 934 3508 gloria,
954 3424 989 3486 et
1014 3416 1095 3485 sede
1125 3417 1161 3484 in
1192 3415 1297 3483 domo

105 3537 171 3600 tua.
204 3531 318 3613 Quare
347 3553 517 3623 prouocas
540 3534 686 3616 malum,
709 3539 748 3601 ut
772 3532 876 3601 cadas
900 3538 939 3601 tu
963 3539 997 3601 et
1023 3531 1126 3600 ludas
1161 3533 1299 3600 tecum?

105 3645 222 3716 Noluit
239 3646 465 3737 adquiescere
485 3654 519 3716 et
538 3650 671 3717 lactum
690 3655 743 3716 est
761 3649 925 3737 prelium,
943 3654 977 3717 et
995 3671 1096 3716 cesus
1116 3653 1169 3714 est
1188 3668 1302 3734 popu-

104 3761 154 3831 lus
176 3762 273 3831 luda.
295 3763 476 3832 Amasiam
495 3786 580 3834 uero
600 3786 718 3855 regem
739 3762 822 3833 luda
847 3765 938 3854 cepit
957 3764 1032 3831 loas
1051 3786 1112 3830 rex
1135 3760 1243 3845 lsrael
1267 3766 1301 3828 et

103 3880 214 3947 multa
228 3879 321 3948 mala
336 3881 471 3949 intulit.

167 3994 252 4084 Si[c]
268 3995 427 4084 plerique
444 3996 515 4064 alta
529 3996 785 4087 aggrediuntur
808 4004 841 4065 et
861 3996 1034 4063 uilissime
1052 3999 1232 4062 corruunt.
1250 3989 1301 4058 Ie-

97 4112 263 4179 ronimus
283 4112 330 4202 (t)
354 4133 361 4179 :
384 4111 525 4180 Rectius
544 4113 669 4181 fuisset
688 4113 824 4182 homini
842 4112 990 4180 subiisse
1015 4109 1247 4200 coniug[i]um
1267 4112 1301 4174 et

156 4305 193 4377 (t)
210 4308 268 4363 Par
282 4307 358 4363 suite
377 4307 446 4363 d'un
464 4307 563 4365 detaut
580 4310 616 4365 de
633 4309 789 4375 memoire‚
807 4309 902 4364 Eudes
921 4324 958 4363 au
978 4312 1041 4362 mot
1056 4310 1214 4361 nometuru
1232 4302 1301 4358 sub-

95 4397 194 4451 stitue
211 4396 254 4452 les
269 4402 346 4452 mots
365 4403 392 4451 et
411 4399 478 4466 cett,
494 4399 543 4469 qui
560 4399 686 4454 rendent
699 4398 820 4455 hoiteux
836 4388 867 4453 cc
883 4414 947 4453 vers
963 4395 1113 4451 d’llorace.
1131 4394 1235 4466 (Voyez
1248 4393 1301 4447 Art

90 4490 190 4550 poet..
206 4502 231 4539 v.
250 4486 323 4556 139.)

161 4576 196 4646 (t)
212 4575 317 4649 lligne‚
332 4575 492 4645 Potrotoqta
503 4578 606 4635 Currus
618 4577 777 4648 completur,
790 4583 809 4632 t.
826 4577 905 4643 nix,
922 4574 976 4631 col.
992 4575 1054 4630 949.
