3270 5626
362 539 392 588 ⁰8
576 533 726 584 ODONlS
752 532 803 582 DE
830 534 1040 586 centronis
1065 533 1314 587 PARABOLAE.

347 682 476 749 nimias
496 680 695 748 exactiones
715 699 803 768 quas
826 677 935 746 bauili
956 679 1032 746 eius
1052 686 1303 761 exercuerunt3
1322 702 1396 748 nou
1423 687 1551 751 tantum

348 796 477 865 milites
487 797 524 864 in
541 796 702 877 rusticos,
713 792 773 862 sed
782 794 935 884 episcopi
956 792 1161 862 iusubditos
1172 795 1387 886 grauissime
1402 799 1550 866 seuiunt.

386 1047 488 1102 CXIV.
515 1079 549 1087 -
579 1046 628 1101 DE
653 1044 892 1111 CADAVERE,
917 1043 1094 1100 CANlBUS
1122 1044 1170 1099 ET
1198 1044 1434 1101 consutus
1459 1047 1505 1117 (l).

318 1276 320 1281 -
411 1225 548 1294 Habent
570 1246 654 1314 crgo
685 1222 839 1313 episcopi
870 1221 1136 1290 archidiaconos
1156 1245 1251 1305 suos,
1278 1224 1382 1313 quasi
1410 1245 1548 1316 magnos

343 1366 459 1426 canes,
487 1341 562 1432 qui,
591 1339 817 1408 inuenientes
841 1337 1004 1422 cadauer,
1030 1360 1142 1429 usquo
1166 1336 1209 1407 ad
1231 1337 1428 1407 medullam
1451 1341 1548 1409 deuo

343 1466 432 1528 rant.
450 1455 601 1526 Corbelli
618 1460 750 1536 autem,
768 1452 980 1521 cumuideut
989 1476 1095 1521 canes
1107 1452 1368 1536 circaeadauor,
1387 1457 1547 1545 ex[s]poc·

342 1579 430 1657 tant,
456 1572 568 1641 donec
599 1569 744 1638 saturati
772 1569 917 1636 fuerint.
941 1568 1069 1637 Sciunt
1093 1569 1190 1637 euim
1218 1568 1312 1659 quod
1337 1570 1476 1660 aliquid
1506 1574 1547 1639 eis

341 1691 466 1758 saltem
481 1688 575 1757 cirea
590 1708 670 1754 ossa
687 1683 895 1753 remanebit.

410 1804 467 1871 Hii
488 1810 571 1871 sunt
592 1799 729 1870 bauiles
751 1800 840 1890 (sic),
862 1798 1019 1868 minores
1039 1799 1171 1882 clerici,
1189 1801 1335 1870 scutarii
1361 1804 1543 1881 maiorum,

340 1922 413 2012 qui,
440 1925 517 2010 post
555 1916 827 1986 deuoracionem
849 1915 1088 1999 dominorum,
1111 1916 1204 2007 quod
1229 1916 1414 1986 residuum
1450 1920 1546 1988 fuerit

340 2037 509 2106 deuorare
533 2034 710 2102 nituntur.

533 2285 617 2341 cxv.
638 2315 673 2324 -
699 2285 749 2339 uu
776 2283 878 2338 scus
907 2282 974 2338 cur
1001 2283 1191 2339 auuuuus
1217 2284 1383 2340 iunrcui

763 2381 831 2435 nur
859 2379 1065 2435 osreuurr
1085 2380 1133 2452 (a).

409 2560 564 2644 Quidam
580 2582 688 2629 senex
705 2560 845 2649 rogauit
854 2558 966 2626 Deum
981 2566 1023 2626 ut
1036 2558 1237 2627 ostenderet
1248 2557 1291 2627 de
1307 2561 1383 2627 suis
1399 2561 1543 2630 iudiciis.

343 2678 405 2747 Cui
433 2676 586 2768 quadam
611 2675 668 2744 die
694 2675 807 2743 astitit
834 2673 981 2765 angelus
1008 2674 1046 2741 iu
1072 2673 1347 2742 similitudinem
1372 2677 1546 2746 cuiusdam

343 2795 450 2877 senis,
473 2792 620 2861 diceus:
643 2791 745 2872 Veni,
768 2791 955 2858 uisitemus
975 2795 1114 2857 sanctos
1134 2798 1262 2880 patres,
1284 2798 1318 2859 et
1343 2792 1389 2882 (3)
1412 2793 1547 2862 henedi-

344 2932 466 2978 camur
485 2909 528 2976 ab
548 2909 611 2976 eis.
635 2907 677 2974 Et
696 2906 866 2974 abeuntes
881 2911 1058 2973 uenerunt
1073 2907 1109 2973 in
1126 2905 1316 2996 quamdam
1333 2908 1545 2998 speluncam,

345 3033 474 3093 etcum
496 3023 688 3112 pulsarent,
713 3023 813 3089 uenit
828 3021 870 3089 ad
891 3045 948 3088 eos
970 3020 1115 3110 quidam
1136 3044 1241 3089 senex
1262 3031 1405 3092 sanctus
1427 3035 1459 3093 et
1480 3050 1548 3092 sus-

346 3141 438 3230 cepit
452 3162 510 3206 eos
526 3161 606 3206 curn
620 3136 761 3228 gaudio,
780 3144 813 3204 et
829 3144 907 3227 post
919 3137 1115 3204 orationem
1130 3137 1217 3205 lauit
1232 3137 1337 3229 pedes
1353 3161 1489 3215 eorum.
1507 3150 1549 3213 et.

347 3256 460 3346 posita
488 3277 621 3335 mensa,
654 3254 775 3321 reiecit
802 3276 874 3335 eos,
902 3258 936 3319 et
964 3260 1084 3342 postea
1106 3261 1364 3343 pausauerunt;
1390 3264 1425 3324 ct
1453 3280 1550 3325 mane

348 3394 429 3441 cum
454 3369 581 3461 gaudio
601 3369 738 3437 dimisit
758 3391 833 3450 eos;
856 3367 915 3436 sed
936 3369 1084 3458 angelus
1107 3368 1276 3438 absconse
1297 3372 1378 3440 tulit
1398 3375 1550 3441 catinum

349 3490 387 3556 in
407 3509 475 3576 quo
496 3483 705 3552 comederat.
725 3484 855 3551 Videns
880 3484 939 3551 ille
957 3486 1063 3552 trater
1083 3484 1168 3574 quid
1188 3487 1328 3569 lecerat,
1352 3487 1441 3555 dixit
1464 3491 1552 3557 intra

350 3628 386 3672 se
406 3625 413 3670 :
433 3600 524 3684 Quid
543 3601 625 3668 fecit
646 3600 696 3666 illi
717 3606 837 3668 sancto
858 3601 935 3667 uiro
961 3600 1020 3690 qui
1042 3622 1122 3667 cum
1138 3600 1266 3690 gaudio
1291 3605 1445 3693 suscepit
1471 3609 1553 3673 nos?

351 3719 465 3802 Quare
486 3717 632 3786 abstulit
650 3718 832 3784 catinum?
848 3716 890 3782 Et
904 3714 988 3783 dum
1005 3715 1109 3799 irent,
1127 3717 1224 3785 misit
1243 3724 1320 3807 post
1341 3743 1400 3787 ros
1423 3724 1550 3810 {senex}

351 3837 588 3916 liliumsuum,
606 3833 724 3901 dicens
743 3832 815 3921 (sic)
833 3854 841 3899 :
860 3831 1184 3901 Redditecatinum.
1202 3835 1265 3903 Cui
1281 3835 1450 3926 angelus:
1468 3840 1553 3905 ,tute

351 3975 416 4019 nos
441 3956 493 4019 est
512 3951 619 4018 frater
638 3948 695 4016 cui
720 3947 864 4028 tradidi;
882 3948 965 4015 ueni
984 3954 1018 4016 et
1038 3950 1187 4038 suscipe.
1207 3948 1273 4030 Qui
1290 3973 1371 4018 cum
1388 3953 1456 4020 iret
1476 3976 1553 4021 cum

352 4065 810 4157 eis,impuliteumangelus
822 4086 883 4153 per
894 4065 1137 4153 precipicium,
1154 4073 1188 4133 ot
1203 4072 1365 4134 mortuus
1382 4075 1446 4135 est.
1458 4068 1552 4150 Quod

353 4181 490 4264 uidens,
507 4183 615 4249 frater
631 4181 690 4248 ille
706 4180 932 4248 contristatus
948 4181 1078 4262 timuit,
1096 4180 1237 4250 dicens:
1256 4183 1318 4265 Ve‚
1342 4186 1427 4274 quid
1457 4188 1549 4253 lecit!

354 4298 429 4366 Non
442 4295 637 4365 sufficiebat
652 4296 837 4364 sustulisse
850 4297 1020 4378 catinum,
1034 4297 1101 4363 nisi
1114 4297 1324 4367 interficeret
1337 4301 1414 4368 eius
1426 4302 1550 4369 filium!

408 4469 445 4539 (t)
462 4469 554 4522 Mente
570 4484 698 4523 sermon.

407 4556 446 4626 (2)
462 4556 553 4611 lttme
569 4573 697 4613 sermon.

409 4644 446 4715 (3)
463 4647 507 4700 Au
520 4644 580 4700 lieu
595 4645 631 4701 de
644 4653 670 4701 et
683 4644 754 4701 lisez
772 4663 778 4700 :
796 4653 836 4701 ut.
