3270 5626
471 502 622 556 ODONIS
649 504 700 556 DE
727 505 938 557 CERITONA
965 503 1210 568 PARABOLAE.
1390 505 1434 556 2⁸1

434 729 511 784 xm.
538 759 574 769 -
605 729 655 784 ns
682 729 812 785 asaro
840 728 1022 784 aureum
1048 727 1235 794 canonos

625 828 757 883 uuum
784 828 964 882 prunum
992 825 1041 897 u).

295 1003 396 1073 Vnde
409 1002 531 1073 beatus
540 1005 729 1088 Antonius,
743 1027 824 1074 cum
835 1004 1007 1073 mundum
1020 1004 1156 1095 laqueis
1166 1003 1314 1072 uidisset
1326 1005 1437 1097 reple-

225 1125 317 1201 tum,
332 1120 487 1211 quesiuit
502 1121 583 1212 quis
598 1127 716 1210 posset
728 1120 807 1189 illos
827 1121 971 1212 laqueos
986 1121 1133 1190 euitare.
1150 1120 1213 1189 Cui
1230 1141 1436 1211 responsum

227 1240 280 1303 est
299 1235 392 1326 quod
408 1236 504 1304 solus
527 1235 685 1305 humilis.

311 1485 407 1541 xtn,
428 1516 463 1525 —
486 1487 537 1541 DE
563 1487 734 1553 QUODAM
758 1485 999 1543 VISPILIONE
1023 1486 1279 1542 AEGROTANTE
1299 1486 1349 1558 (2).

291 1661 383 1731 Vere
404 1662 618 1732 coherebant
640 1663 732 1732 labia
754 1662 937 1732 cuiusdam
961 1663 1161 1755 uispilionis
1182 1664 1219 1732 in
1234 1663 1434 1731 Vinariensi

222 1777 368 1862 diocesi,
378 1779 440 1869 qui
455 1776 579 1847 incidit
591 1780 629 1847 in
645 1778 890 1870 egritudinem.
905 1780 1095 1869 Episcopus
1109 1786 1144 1847 et
1154 1779 1315 1848 sacerdos
1325 1779 1435 1849 affue-

224 1901 324 1976 runt;
347 1895 464 1987 ipsum
490 1900 530 1963 nt
554 1901 694 1986 peccata
716 1895 954 1978 confiteretur,
976 1901 1022 1977 et,
1048 1896 1140 1963 sicut
1163 1895 1220 1962 uir
1239 1893 1433 1964 catholicus

223 2008 518 2093 communicaret,
534 2031 595 2101 per
616 2032 722 2101 penas
745 2017 780 2078 et
805 2011 941 2101 premia
965 2009 1130 2078 inducere
1153 2009 1368 2078 nitebantur.
1388 2011 1433 2078 At

223 2124 294 2204 ille,
312 2131 435 2194 mutus
451 2126 494 2194 ad
509 2124 600 2194 bona
613 2126 869 2216 [sacramenta],
883 2147 991 2217 penas
1007 2132 1042 2193 et
1053 2126 1187 2215 premia
1206 2127 1290 2217 quia
1304 2126 1433 2194 friuola

223 2249 404 2331 reputans,
430 2239 519 2309 dixit
552 2264 588 2310 se
619 2242 661 2311 de
688 2240 819 2310 talibus
845 2263 916 2310 non
944 2263 1079 2310 curare.
1109 2241 1284 2310 instanter
1311 2247 1429 2309 tamen

222 2377 351 2446 aquam
362 2357 567 2447 postulauit,
589 2365 628 2426 ut
647 2357 794 2425 biberet.
816 2356 983 2425 Sacerdos
998 2363 1129 2441 autem,
1146 2356 1221 2448 ipso
1236 2357 1425 2439 nesciente,

221 2493 350 2563 aquam
360 2471 579 2542 benedictam
594 2478 714 2564 egroto
726 2473 890 2565 porrexit.
902 2474 1051 2563 Egrotus
1065 2471 1168 2541 auide
1184 2471 1287 2556 bibit;
1300 2470 1342 2540 de
1357 2494 1426 2563 qua

222 2609 303 2656 cum
329 2587 475 2672 biberet,
501 2589 621 2657 statim
646 2588 819 2657 auxilium
840 2589 901 2657 Dei
927 2589 1172 2679 proclamauit;
1197 2587 1425 2673 sacerdotem,

220 2703 276 2770 cui
302 2709 443 2792 peccata
464 2703 700 2786 confiteretur,
725 2704 913 2771 affectuose
938 2702 1141 2792 postulauit.
1169 2701 1245 2782 Quo
1273 2702 1423 2791 expleto,

221 2819 310 2887 sicut
332 2818 388 2886 nir
408 2817 519 2886 tidelis
539 2819 650 2887 uitam
670 2818 797 2887 finiuit.

286 2934 374 3002 Ecce
394 2933 487 3024 quod
501 2933 605 3018 labia,
623 2956 703 3025 que,
720 2956 783 3026 per
802 2957 910 3024 aquas
932 2933 1191 3003 maledictionis
1213 2935 1343 3018 clausa,
1365 2956 1426 3024 per

220 3071 328 3140 aquas
345 3048 612 3131 benedictionis,
634 3049 748 3140 gratia
763 3050 825 3117 Dei
841 3050 1044 3133 adiuuante,
1061 3056 1179 3140 aperta
1194 3057 1289 3119 sunt.

361 3301 473 3356 unu.
500 3331 534 3343 -
563 3302 613 3356 ns
640 3301 840 3356 crrnmuo
869 3301 1059 3356 nassum
1086 3301 1278 3357 oenones

681 3399 722 3454 m
745 3399 883 3454 aucun
906 3398 955 3471 (a).

281 3576 467 3666 Cipriauus
490 3575 646 3667 quidam,
668 3575 997 3667 Cart[b]aginiensis
1014 3597 1150 3667 magne,
1172 3577 1210 3644 in
1232 3575 1349 3667 pixide
1370 3599 1422 3644 re·

214 3698 329 3760 trusos
350 3691 474 3760 habuit
491 3690 659 3761 demones
673 3690 710 3759 in
726 3690 843 3775 archa,
857 3691 915 3780 [et
932 3690 1071 3781 quando
1087 3689 1238 3772 uolebat,
1259 3690 1420 3760 mittebat

215 3829 273 3876 eos
293 3807 337 3876 ad
355 3808 501 3899 negocia
515 3829 579 3876 sua
593 3806 801 3899 peragenda.
821 3805 979 3887 Quadam
994 3805 1051 3874 die
1068 3808 1223 3898 precepit
1240 3809 1291 3875 eis
1306 3813 1346 3876 ut
1359 3807 1419 3876 ad-

213 3922 380 3992 ducerent
392 3924 424 3991 ei
440 3929 595 3992 sanctam
609 3922 792 4004 lustinam,
805 3922 979 4012 virginem
993 3944 1099 4013 qnam
1110 3921 1290 4013 diligebat,
1303 3929 1338 3990 et
1346 3945 1417 3991 non

213 4045 414 4128 potuerunt,
439 4039 607 4130 quoniam
632 4037 813 4127 signaculo
839 4037 953 4106 crucis
975 4061 1012 4105 se
1039 4039 1212 4128 signaui13
1238 4036 1283 4106 ob
1311 4060 1418 4129 quam

213 4176 354 4223 causam
372 4155 485 4222 iactus
499 4153 713 4222 christianus
729 4177 852 4244 passus
868 4161 922 4222 est
936 4176 997 4244 pro
1014 4154 1176 4236 Domino,
1194 4158 1229 4222 et
1241 4154 1370 4244 uirgo].

265 4325 303 4397 (i)
319 4325 417 4380 bieme
432 4339 563 4378 sermon.

265 4413 302 4484 (2)
319 4415 467 4471 Dourimca
476 4414 543 4483 .ir'j·.
553 4412 774 4484 quodropcsime,
788 4412 938 4469 recaredum
950 4414 1075 4478 Luctum,
1085 4414 1135 4468 ci.
1149 4443 1184 4453 -
1194 4414 1263 4468 Erat
1273 4412 1415 4470 Dominus

216 4500 314 4559 lbcsus
333 4503 448 4558 eiciens
464 4502 647 4559 demonium.

267 4592 303 4663 (3)
321 4592 415 4648 bieme
431 4607 561 4646 sermon.
