3270 5626
335 486 381 535 362
663 483 813 534 ODONIS
838 483 1014 536 FABULIS
1041 480 1207 540 Anulus,

334 627 438 697 ambo
458 628 494 695 in
514 628 718 694 intirmitate
734 626 1004 706 detenebantur;
1027 647 1178 716 quorum
1202 624 1292 693 atter
1307 624 1532 693 moriebatur.

335 742 434 825 Quod
453 741 600 810 audiens
613 742 704 810 alius
723 765 784 832 pre
803 743 915 811 letitia
939 742 1103 834 prosiluit
1121 762 1142 809 a
1161 739 1340 840 cubiculo,
1358 746 1394 809 et
1413 762 1534 808 sanum

335 881 371 926 se
384 881 459 927 esse
474 858 606 941 dicens,
625 859 778 947 precepit
797 857 915 926 eibum
936 856 1001 925 sibi
1023 856 1120 939 dari;
1138 857 1199 946 qui
1222 853 1397 924 vescendo
1419 857 1533 925 statim

335 975 523 1042 suttocatus
534 979 598 1041 est.
611 974 740 1041 Etcum
752 973 840 1041 alter
852 996 976 1042 eorum
992 972 1181 1064 quemdam
1196 971 1404 1063 religiosum
1416 971 1535 1040 habuit

334 1089 400 1157 sibi
416 1090 528 1157 multo
543 1111 661 1156 amere
677 1089 868 1180 obligatum
885 1095 1027 1178 prepter
1042 1087 1293 1178 beneficiaque
1310 1086 1379 1154 sibi
1391 1088 1534 1156 veniens

334 1204 546 1283 conferebat,
568 1203 711 1295 contigit
733 1204 824 1295 quod
851 1205 1038 1295 religiosus
1063 1203 1136 1285 ille,
1159 1204 1289 1270 timens
1307 1224 1372 1293 pro
1394 1225 1485 1292 pena
1503 1210 1534 1270 et

334 1320 585 1410 dampnacione
598 1319 702 1387 amici
719 1321 785 1401 sui,
799 1343 840 1388 ee
853 1319 945 1410 qued
961 1317 1097 1387 inuidia
1113 1325 1231 1387 tentus
1244 1317 1409 1401 decessit,
1421 1319 1533 1410 sepius

334 1437 445 1504 Deum
465 1435 670 1523 deprecatus
689 1442 752 1519 est,
774 1442 812 1503 vt
825 1437 931 1504 sciret
946 1442 1077 1503 statum
1097 1435 1185 1512 eius,
1208 1435 1237 1500 si
1255 1432 1402 1524 quidem
1423 1435 1533 1502 oracio

333 1550 389 1619 vel
405 1549 489 1641 quid
504 1549 600 1618 atiud
617 1549 681 1618 sibi
698 1557 814 1640 posset
828 1550 1032 1618 subuenire.
1045 1547 1209 1630 Tandem,
1225 1549 1327 1639 quasi
1342 1548 1531 1631 dormiens,

333 1665 459 1733 ductus
479 1671 531 1732 ast
547 1663 734 1756 aquodam
753 1665 878 1756 angelo
898 1665 940 1732 ad
962 1664 1149 1755 quemdam
1169 1665 1286 1733 locum
1306 1666 1490 1734 fumosum
1504 1672 1535 1732 et

334 1780 433 1849 valde
457 1780 636 1862 fetentem,
651 1780 709 1849 vbi
734 1781 770 1847 in
793 1780 944 1871 quodam
968 1781 1049 1872 igne
1068 1781 1214 1848 fetorem
1234 1780 1532 1870 inteitl)erabilem

334 1897 514 1965 emittente
530 1893 715 1965 viditduos
733 1895 895 1965 homines
910 1919 946 1964 se
962 1895 1145 1964 securibus
1160 1896 1416 1985 percucientes,
1428 1919 1532 1988 vsque

335 2013 372 2080 in
393 2013 509 2103 pecias
528 2013 684 2080 minutas
704 2035 740 2080 se
760 2011 944 2094 lanientes,
966 2034 1055 2102 quas
1075 2011 1277 2080 decidentes
1292 2013 1439 2081 flamma
1457 2035 1533 2081 cen·

335 2126 581 2216 sutm)mabat;
599 2134 635 2195 et
649 2126 770 2196 didicit
798 2128 841 2197 ab
874 2129 1011 2218 angele,
1032 2126 1121 2195 duce
1150 2150 1225 2210 suo,
1248 2127 1345 2218 qued
1364 2128 1420 2196 iili
1440 2135 1534 2196 crant

336 2243 455 2326 vicini,
477 2243 519 2312 de
539 2266 690 2334 quorum
708 2250 801 2311 statu
822 2243 927 2333 peciit
940 2243 1135 2325 certificari,
1152 2249 1186 2310 et
1200 2241 1341 2312 audiuit
1354 2243 1400 2312 ab
1415 2245 1533 2334 angelo

336 2358 433 2450 qued
461 2360 575 2427 oracio
599 2381 903 2450 quorumcumque
925 2358 999 2426 illis
1026 2382 1223 2449 numquam
1252 2366 1345 2428 essct
1373 2360 1531 2440 valitura,

337 2497 401 2543 uec
421 2475 492 2543 vlla
506 2497 610 2564 opera
626 2475 781 2544 caritatis
798 2497 869 2565 qua
881 2476 1044 2543 viuentes
1058 2475 1198 2564 penitus
1214 2497 1373 2545 caruere.

402 2569 900 2681 Conclenio.1)iscamuserg‘o
925 2591 1036 2658 Deum
1060 2589 1220 2681 diligere,
1242 2592 1415 2680 quoniam
1445 2591 1533 2683 prior

333 2705 457 2773 dilexit
472 2729 548 2788 nos,
571 2705 696 2774 deinde
710 2707 912 2794 proximum
928 2706 1018 2774 sicut
1033 2707 1282 2795 nosmetipsos,
1304 2712 1372 2776 etc.

422 2984 468 3037 ΙΙΙ
494 2983 676 3054 (xxxvii).
703 3016 738 3023 —
762 2984 811 3038 DE
840 2983 1002 3038 DUOBUS
1032 2983 1204 3038 SOLUTIS
1232 2983 1444 3041 MtLthBUS

586 3081 624 3134 ΙΝ
655 3082 792 3135 EADEM
823 3081 945 3136 VILLA
975 3081 1280 3137 HABtTANTIBUS

401 3277 475 3342 Due
492 3282 591 3343 erant
606 3275 737 3344 milites
752 3277 856 3344 saluti
877 3277 912 3343 in
931 3276 1051 3344 eadem
1064 3277 1148 3343 vitia
1160 3277 1371 3356 habitantes,
1386 3303 1532 3369 querum

333 3392 421 3458 alter
436 3413 582 3457 uxerem
599 3390 754 3458 traduxit
766 3393 956 3458 formosam
971 3393 1006 3458 in
1024 3394 1155 3482 nuptijs
1168 3393 1466 3463 discumbentem.
1479 3397 1534 3463 al-

334 3514 384 3573 ter
402 3506 505 3573 miles
520 3529 582 3594 pro
598 3530 660 3574 sua
676 3506 912 3595 pulcritudine
927 3509 1140 3596 concupiuit,
1154 3515 1188 3575 et
1202 3516 1337 3597 captata
1357 3513 1533 3599 oportuni·

333 3629 415 3705 tate,
428 3621 549 3688 multis
563 3622 745 3712 blandicijs
761 3630 795 3690 et
810 3625 917 3689 variis
931 3625 1113 3714 premissis
1126 3625 1352 3713 interpositis
1366 3625 1409 3692 de
1422 3650 1533 3695 amere

333 3738 577 3829 interpellauit
591 3738 748 3806 eandem.
768 3738 844 3827 ipsa
860 3746 977 3806 tamen
998 3762 1061 3806 nec
1078 3762 1178 3828 prece
1199 3763 1263 3807 nec
1284 3743 1404 3829 precio
1425 3744 1533 3832 potuit

333 3855 499 3922 emolliri.
518 3854 617 3935 Quod
631 3877 709 3922 cum
725 3852 881 3934 vidisset,
900 3855 1000 3922 miles
1016 3862 1188 3943 precatus,
1206 3878 1276 3923 nen
1293 3860 1415 3944 paucis
1431 3860 1534 3925 minis

333 3970 546 4052 intersertis,
565 3969 702 4038 dicebat
717 3969 809 4059 qued
826 3977 940 4060 partes
961 3971 1215 4038 transmarinas
1230 3971 1341 4040 adiret
1361 3983 1397 4040 et
1418 3976 1534 4063 nigro·

335 4087 511 4153 manciam
530 4085 734 4168 addisceret,
758 4092 794 4152 vt
812 4087 883 4153 veti
904 4108 1045 4174 compes
1066 4087 1163 4153 tieret
1184 4086 1351 4155 inchoati.
1376 4090 1455 4180 ipsa
1475 4113 1534 4158 au·

334 4208 419 4282 tem,
439 4201 552 4269 erucis
573 4203 754 4292 signaculo
776 4203 944 4292 insignita
966 4208 999 4268 et
1025 4204 1060 4268 in
1085 4203 1212 4269 Christi
1236 4205 1366 4272 uirtute
1391 4208 1531 4278 confisa.

332 4316 422 4383 dixit
437 4317 528 4406 qued
545 4341 609 4385 nec
626 4319 754 4407 ipsum,
770 4340 833 4384 nec
849 4324 960 4383 artem
977 4339 1077 4384 suam
1093 4327 1291 4404 presentem
1306 4321 1360 4386 vel
1378 4322 1533 4390 suturam

335 4435 486 4522 expauit.
504 4434 630 4500 Itinere
650 4441 767 4501 autem
788 4435 964 4522 artrtepte,
983 4435 1020 4499 in
1040 4433 1194 4502 secunda
1214 4435 1306 4502 dieta
1329 4435 1370 4505 ad
1393 4440 1535 4507 missam

333 4547 471 4616 audiuit
483 4549 635 4638 pulsare,
646 4556 678 4617 et
690 4549 732 4617 ab
744 4573 832 4640 eque
848 4546 1242 4640 descendenscapeltam
1259 4552 1420 4622 intrauit.
1431 4555 1531 4622 Missa
