<?xml version="1.0" encoding="UTF-8"?>
<!DOCTYPE html PUBLIC "-//W3C//DTD XHTML 1.0 Transitional//EN"
    "http://www.w3.org/TR/xhtml1/DTD/xhtml1-transitional.dtd">
<html xmlns="http://www.w3.org/1999/xhtml" xml:lang="en" lang="en">
 <head>
  <title>
</title>
<meta http-equiv="Content-Type" content="text/html;charset=utf-8" />
  <meta name='ocr-system' content='tesseract 3.04.00' />
  <meta name='ocr-capabilities' content='ocr_page ocr_carea ocr_par ocr_line ocrx_word'/>
</head>
<body>
  <div class='ocr_page' id='page_1' title='image "./lesfabulistesla00hervgoog_0454.png"; bbox 0 0 3352 5624; ppageno 0'>
   <div class='ocr_carea' id='block_1_1' title="bbox 232 479 1118 533">
    <p class='ocr_par' dir='ltr' id='par_1_1' title="bbox 232 479 1118 533">
     <span class='ocr_line' id='line_1_1' title="bbox 232 479 1118 533; baseline 0 0"><span class='ocrx_word' id='word_1_1' title='bbox 232 482 279 533; x_wconf 79' lang='lat' dir='ltr'><strong>iii</strong></span> <span class='ocrx_word' id='word_1_2' title='bbox 569 480 781 533; x_wconf 74' lang='lat' dir='ltr'><strong>Joiiiiiinis</strong></span> <span class='ocrx_word' id='word_1_3' title='bbox 807 480 860 533; x_wconf 77' lang='lat' dir='ltr'><strong>DE</strong></span> <span class='ocrx_word' id='word_1_4' title='bbox 885 479 1118 533; x_wconf 65' lang='lat' dir='ltr'><strong>scultenna</strong></span> 
     </span>
    </p>
   </div>
   <div class='ocr_carea' id='block_1_2' title="bbox 178 622 1538 3491">
    <p class='ocr_par' dir='ltr' id='par_1_2' title="bbox 233 622 1538 2580">
     <span class='ocr_line' id='line_1_2' title="bbox 233 622 1465 723; baseline 0.006 -29"><span class='ocrx_word' id='word_1_5' title='bbox 233 625 319 694; x_wconf 91' lang='lat' dir='ltr'><strong>dum</strong></span> <span class='ocrx_word' id='word_1_6' title='bbox 333 629 427 693; x_wconf 87' lang='lat' dir='ltr'><strong>esset</strong></span> <span class='ocrx_word' id='word_1_7' title='bbox 445 629 481 692; x_wconf 94' lang='lat' dir='ltr'><strong>et</strong></span> <span class='ocrx_word' id='word_1_8' title='bbox 495 646 567 693; x_wconf 91' lang='lat' dir='ltr'><strong>non</strong></span> <span class='ocrx_word' id='word_1_9' title='bbox 583 631 701 715; x_wconf 86' lang='lat' dir='ltr'><strong>posset</strong></span> <span class='ocrx_word' id='word_1_10' title='bbox 715 647 779 717; x_wconf 88' lang='lat' dir='ltr'><strong>per</strong></span> <span class='ocrx_word' id='word_1_11' title='bbox 796 647 834 694; x_wconf 89' lang='lat' dir='ltr'><strong>se</strong></span> <span class='ocrx_word' id='word_1_12' title='bbox 847 622 1051 707; x_wconf 85' lang='lat' dir='ltr'><strong>ascendere,</strong></span> <span class='ocrx_word' id='word_1_13' title='bbox 1071 629 1315 717; x_wconf 84' lang='lat' dir='ltr'><strong>superuenit</strong></span> <span class='ocrx_word' id='word_1_14' title='bbox 1328 628 1465 723; x_wconf 83' lang='lat' dir='ltr'>Lupusa</span> 
     </span>
     <span class='ocr_line' id='line_1_3' title="bbox 234 739 1465 839; baseline 0.005 -28"><span class='ocrx_word' id='word_1_15' title='bbox 234 763 318 811; x_wconf 88' lang='lat' dir='ltr'><strong>casu</strong></span> <span class='ocrx_word' id='word_1_16' title='bbox 333 739 377 809; x_wconf 90' lang='lat' dir='ltr'><strong>ad</strong></span> <span class='ocrx_word' id='word_1_17' title='bbox 397 746 556 830; x_wconf 87' lang='lat' dir='ltr'><strong>puteum,</strong></span> <span class='ocrx_word' id='word_1_18' title='bbox 573 746 619 825; x_wconf 90' lang='lat' dir='ltr'><strong>ei,</strong></span> <span class='ocrx_word' id='word_1_19' title='bbox 641 740 790 809; x_wconf 89' lang='lat' dir='ltr'><strong>audiens</strong></span> <span class='ocrx_word' id='word_1_20' title='bbox 803 740 954 831; x_wconf 84' lang='lat' dir='ltr'>Vulpem</span> <span class='ocrx_word' id='word_1_21' title='bbox 969 762 1049 809; x_wconf 88' lang='lat' dir='ltr'><strong>esse</strong></span> <span class='ocrx_word' id='word_1_22' title='bbox 1065 740 1111 809; x_wconf 89' lang='lat' dir='ltr'><strong>in</strong></span> <span class='ocrx_word' id='word_1_23' title='bbox 1125 764 1189 826; x_wconf 90' lang='lat' dir='ltr'><strong>eo,</strong></span> <span class='ocrx_word' id='word_1_24' title='bbox 1210 747 1383 835; x_wconf 86' lang='lat' dir='ltr'><strong>quesiuit</strong></span> <span class='ocrx_word' id='word_1_25' title='bbox 1394 748 1465 839; x_wconf 88' lang='lat' dir='ltr'><strong>quid</strong></span> 
     </span>
     <span class='ocr_line' id='line_1_4' title="bbox 234 854 1464 947; baseline 0.009 -23"><span class='ocrx_word' id='word_1_26' title='bbox 234 857 320 925; x_wconf 88' lang='lat' dir='ltr'><strong>illuc</strong></span> <span class='ocrx_word' id='word_1_27' title='bbox 338 856 481 925; x_wconf 86' lang='lat' dir='ltr'><strong>faceret.</strong></span> <span class='ocrx_word' id='word_1_28' title='bbox 503 855 596 925; x_wconf 79' lang='lat' dir='ltr'><strong>Rene</strong></span> <span class='ocrx_word' id='word_1_29' title='bbox 614 856 758 940; x_wconf 86' lang='lat' dir='ltr'><strong>venisti,</strong></span> <span class='ocrx_word' id='word_1_30' title='bbox 779 855 870 925; x_wconf 90' lang='lat' dir='ltr'><strong>benc</strong></span> <span class='ocrx_word' id='word_1_31' title='bbox 895 860 1097 947; x_wconf 76' lang='lat' dir='ltr'><strong>compater,</strong></span> <span class='ocrx_word' id='word_1_32' title='bbox 1124 854 1328 931; x_wconf 86' lang='lat' dir='ltr'><strong>descende</strong></span> <span class='ocrx_word' id='word_1_33' title='bbox 1346 861 1389 932; x_wconf 85' lang='lat' dir='ltr'><strong>ad</strong></span> <span class='ocrx_word' id='word_1_34' title='bbox 1407 886 1464 939; x_wconf 82' lang='lat' dir='ltr'><strong>me.</strong></span> 
     </span>
     <span class='ocr_line' id='line_1_5' title="bbox 233 970 1466 1068; baseline 0.01 -30"><span class='ocrx_word' id='word_1_35' title='bbox 233 972 317 1063; x_wconf 90' lang='lat' dir='ltr'><strong>quia</strong></span> <span class='ocrx_word' id='word_1_36' title='bbox 335 970 394 1039; x_wconf 91' lang='lat' dir='ltr'><strong>hic</strong></span> <span class='ocrx_word' id='word_1_37' title='bbox 408 977 492 1040; x_wconf 87' lang='lat' dir='ltr'><strong>suni</strong></span> <span class='ocrx_word' id='word_1_38' title='bbox 505 972 619 1062; x_wconf 82' lang='lat' dir='ltr'><strong>pisces</strong></span> <span class='ocrx_word' id='word_1_39' title='bbox 631 970 727 1056; x_wconf 91' lang='lat' dir='ltr'><strong>boui,</strong></span> <span class='ocrx_word' id='word_1_40' title='bbox 749 979 788 1040; x_wconf 89' lang='lat' dir='ltr'><strong>vt</strong></span> <span class='ocrx_word' id='word_1_41' title='bbox 805 972 949 1041; x_wconf 87' lang='lat' dir='ltr'><strong>sacieris</strong></span> <span class='ocrx_word' id='word_1_42' title='bbox 962 971 1086 1054; x_wconf 75' lang='lat' dir='ltr'><strong>exeiS,</strong></span> <span class='ocrx_word' id='word_1_43' title='bbox 1111 975 1214 1064; x_wconf 89' lang='lat' dir='ltr'><strong>quia</strong></span> <span class='ocrx_word' id='word_1_44' title='bbox 1230 998 1307 1068; x_wconf 76' lang='lat' dir='ltr'><strong>ego</strong></span> <span class='ocrx_word' id='word_1_45' title='bbox 1328 980 1466 1049; x_wconf 83' lang='lat' dir='ltr'><strong>saciatus</strong></span> 
     </span>
     <span class='ocr_line' id='line_1_6' title="bbox 234 1086 1467 1186; baseline 0.006 -31"><span class='ocrx_word' id='word_1_46' title='bbox 234 1108 331 1169; x_wconf 89' lang='lat' dir='ltr'>sum;</span> <span class='ocrx_word' id='word_1_47' title='bbox 347 1087 483 1156; x_wconf 86' lang='lat' dir='ltr'><strong>vtinam</strong></span> <span class='ocrx_word' id='word_1_48' title='bbox 503 1108 643 1156; x_wconf 87' lang='lat' dir='ltr'><strong>mecum</strong></span> <span class='ocrx_word' id='word_1_49' title='bbox 662 1090 776 1156; x_wconf 79' lang='lat' dir='ltr'><strong>esses!</strong></span> <span class='ocrx_word' id='word_1_50' title='bbox 795 1087 839 1155; x_wconf 87' lang='lat' dir='ltr'><strong>Et</strong></span> <span class='ocrx_word' id='word_1_51' title='bbox 851 1086 942 1156; x_wconf 85' lang='lat' dir='ltr'><strong>dixit</strong></span> <span class='ocrx_word' id='word_1_52' title='bbox 954 1086 1075 1177; x_wconf 83' lang='lat' dir='ltr'>Lupus</span> <span class='ocrx_word' id='word_1_53' title='bbox 1095 1109 1106 1157; x_wconf 74' lang='grc' dir='ltr'><strong><em>ε</em></strong></span> <span class='ocrx_word' id='word_1_54' title='bbox 1132 1088 1347 1170; x_wconf 85' lang='lat' dir='ltr'><strong>Quomodo</strong></span> <span class='ocrx_word' id='word_1_55' title='bbox 1361 1102 1467 1186; x_wconf 84' lang='lat' dir='ltr'><strong>potero</strong></span> 
     </span>
     <span class='ocr_line' id='line_1_7' title="bbox 233 1200 1469 1295; baseline 0.006 -23"><span class='ocrx_word' id='word_1_56' title='bbox 233 1202 277 1272; x_wconf 90' lang='lat' dir='ltr'><strong>ad</strong></span> <span class='ocrx_word' id='word_1_57' title='bbox 292 1210 325 1273; x_wconf 88' lang='lat' dir='ltr'><strong>te</strong></span> <span class='ocrx_word' id='word_1_58' title='bbox 344 1203 489 1272; x_wconf 74' lang='lat' dir='ltr'><strong>venire?</strong></span> <span class='ocrx_word' id='word_1_59' title='bbox 507 1200 698 1293; x_wconf 79' lang='lat' dir='ltr'><strong>Respondit</strong></span> <span class='ocrx_word' id='word_1_60' title='bbox 711 1203 845 1295; x_wconf 85' lang='lat' dir='ltr'><strong>Vulpes</strong></span> <span class='ocrx_word' id='word_1_61' title='bbox 861 1224 870 1271; x_wconf 91' lang='lat'>:</span> <span class='ocrx_word' id='word_1_62' title='bbox 888 1202 1058 1293; x_wconf 78' lang='lat' dir='ltr'>Superius</span> <span class='ocrx_word' id='word_1_63' title='bbox 1071 1203 1191 1275; x_wconf 83' lang='lat' dir='ltr'><strong>iuxta</strong></span> <span class='ocrx_word' id='word_1_64' title='bbox 1212 1212 1254 1276; x_wconf 81' lang='lat' dir='ltr'><strong>te</strong></span> <span class='ocrx_word' id='word_1_65' title='bbox 1276 1214 1340 1279; x_wconf 85' lang='lat' dir='ltr'><strong>esi</strong></span> <span class='ocrx_word' id='word_1_66' title='bbox 1354 1234 1422 1281; x_wconf 88' lang='lat' dir='ltr'><strong>vna</strong></span> <span class='ocrx_word' id='word_1_67' title='bbox 1431 1213 1469 1280; x_wconf 86' lang='lat' dir='ltr'><strong>si-</strong></span> 
     </span>
     <span class='ocr_line' id='line_1_8' title="bbox 235 1316 1470 1410; baseline 0.007 -22"><span class='ocrx_word' id='word_1_68' title='bbox 235 1319 326 1402; x_wconf 76' lang='lat' dir='ltr'><strong>tuia3</strong></span> <span class='ocrx_word' id='word_1_69' title='bbox 341 1341 432 1409; x_wconf 90' lang='lat' dir='ltr'><strong>pone</strong></span> <span class='ocrx_word' id='word_1_70' title='bbox 447 1326 482 1387; x_wconf 94' lang='lat' dir='ltr'><strong>te</strong></span> <span class='ocrx_word' id='word_1_71' title='bbox 496 1319 534 1387; x_wconf 92' lang='lat' dir='ltr'><strong>in</strong></span> <span class='ocrx_word' id='word_1_72' title='bbox 549 1340 640 1403; x_wconf 87' lang='lat' dir='ltr'><strong>cam,</strong></span> <span class='ocrx_word' id='word_1_73' title='bbox 657 1325 693 1388; x_wconf 92' lang='lat' dir='ltr'><strong>et</strong></span> <span class='ocrx_word' id='word_1_74' title='bbox 706 1316 892 1388; x_wconf 91' lang='lat' dir='ltr'><strong>descende.</strong></span> <span class='ocrx_word' id='word_1_75' title='bbox 909 1318 953 1387; x_wconf 81' lang='lat' dir='ltr'><strong>iit</strong></span> <span class='ocrx_word' id='word_1_76' title='bbox 971 1317 1095 1409; x_wconf 82' lang='lat' dir='ltr'>Lupus</span> <span class='ocrx_word' id='word_1_77' title='bbox 1112 1320 1173 1391; x_wconf 89' lang='lat' dir='ltr'><strong>sic</strong></span> <span class='ocrx_word' id='word_1_78' title='bbox 1189 1322 1305 1394; x_wconf 82' lang='lat' dir='ltr'><strong>iecit.</strong></span> <span class='ocrx_word' id='word_1_79' title='bbox 1329 1327 1387 1410; x_wconf 85' lang='lat' dir='ltr'><strong>Et,</strong></span> <span class='ocrx_word' id='word_1_80' title='bbox 1403 1326 1470 1397; x_wconf 79' lang='lat' dir='ltr'><strong>des·</strong></span> 
     </span>
     <span class='ocr_line' id='line_1_9' title="bbox 233 1432 1538 1531; baseline 0.008 -28"><span class='ocrx_word' id='word_1_81' title='bbox 233 1433 404 1503; x_wconf 88' lang='lat' dir='ltr'><strong>cendente</strong></span> <span class='ocrx_word' id='word_1_82' title='bbox 423 1434 529 1502; x_wconf 88' lang='lat' dir='ltr'><strong>situla</strong></span> <span class='ocrx_word' id='word_1_83' title='bbox 548 1456 629 1503; x_wconf 88' lang='lat' dir='ltr'><strong>cum</strong></span> <span class='ocrx_word' id='word_1_84' title='bbox 654 1434 763 1525; x_wconf 91' lang='lat' dir='ltr'>Lupo,</span> <span class='ocrx_word' id='word_1_85' title='bbox 783 1433 940 1503; x_wconf 88' lang='lat' dir='ltr'><strong>ascendit</strong></span> <span class='ocrx_word' id='word_1_86' title='bbox 957 1433 1028 1503; x_wconf 93' lang='lat' dir='ltr'><strong>alia</strong></span> <span class='ocrx_word' id='word_1_87' title='bbox 1042 1456 1133 1503; x_wconf 88' lang='lat' dir='ltr'><strong>cum</strong></span> <span class='ocrx_word' id='word_1_88' title='bbox 1156 1436 1307 1531; x_wconf 80' lang='lat' dir='ltr'>vulpe,</span> <span class='ocrx_word' id='word_1_89' title='bbox 1332 1448 1382 1524; x_wconf 86' lang='lat' dir='ltr'><strong>et,</strong></span> <span class='ocrx_word' id='word_1_90' title='bbox 1398 1466 1469 1513; x_wconf 88' lang='lat' dir='ltr'><strong>curu</strong></span> <span class='ocrx_word' id='word_1_91' title='bbox 1536 1432 1538 1477; x_wconf 82' lang='lat'><strong>¹</strong></span> 
     </span>
     <span class='ocr_line' id='line_1_10' title="bbox 233 1548 1469 1652; baseline 0.007 -34"><span class='ocrx_word' id='word_1_92' title='bbox 233 1551 415 1619; x_wconf 89' lang='lat' dir='ltr'><strong>venissent</strong></span> <span class='ocrx_word' id='word_1_93' title='bbox 433 1550 472 1617; x_wconf 91' lang='lat' dir='ltr'><strong>in</strong></span> <span class='ocrx_word' id='word_1_94' title='bbox 493 1548 650 1618; x_wconf 89' lang='lat' dir='ltr'><strong>medium</strong></span> <span class='ocrx_word' id='word_1_95' title='bbox 670 1550 780 1640; x_wconf 83' lang='lat' dir='ltr'><strong>putei,</strong></span> <span class='ocrx_word' id='word_1_96' title='bbox 800 1548 1035 1618; x_wconf 90' lang='lat' dir='ltr'><strong>obuiauerunt</strong></span> <span class='ocrx_word' id='word_1_97' title='bbox 1056 1548 1149 1629; x_wconf 85' lang='lat' dir='ltr'>sibi,</span> <span class='ocrx_word' id='word_1_98' title='bbox 1175 1560 1218 1623; x_wconf 87' lang='lat' dir='ltr'><strong>et</strong></span> <span class='ocrx_word' id='word_1_99' title='bbox 1244 1556 1351 1627; x_wconf 87' lang='lat' dir='ltr'>dixit</span> <span class='ocrx_word' id='word_1_100' title='bbox 1372 1558 1469 1652; x_wconf 87' lang='lat' dir='ltr'>Vulpi</span> 
     </span>
     <span class='ocr_line' id='line_1_11' title="bbox 235 1663 1471 1756; baseline 0.009 -23"><span class='ocrx_word' id='word_1_101' title='bbox 235 1665 382 1755; x_wconf 91' lang='lat' dir='ltr'>Lupus:</span> <span class='ocrx_word' id='word_1_102' title='bbox 406 1664 606 1755; x_wconf 87' lang='lat' dir='ltr'><strong>Compaier,</strong></span> <span class='ocrx_word' id='word_1_103' title='bbox 631 1664 846 1755; x_wconf 80' lang='lat' dir='ltr'><strong>quovadis‘i</strong></span> <span class='ocrx_word' id='word_1_104' title='bbox 865 1664 932 1746; x_wconf 85' lang='lat' dir='ltr'><strong>Qui</strong></span> <span class='ocrx_word' id='word_1_105' title='bbox 952 1663 1144 1756; x_wconf 86' lang='lat' dir='ltr'><strong>respondit</strong></span> <span class='ocrx_word' id='word_1_106' title='bbox 1171 1691 1182 1739; x_wconf 91' lang='lat'><strong>:</strong></span> <span class='ocrx_word' id='word_1_107' title='bbox 1208 1670 1296 1741; x_wconf 86' lang='lat' dir='ltr'><strong>iam</strong></span> <span class='ocrx_word' id='word_1_108' title='bbox 1323 1677 1471 1745; x_wconf 81' lang='lat' dir='ltr'><strong>saciatus</strong></span> 
     </span>
     <span class='ocr_line' id='line_1_12' title="bbox 234 1780 1470 1880; baseline 0.009 -31"><span class='ocrx_word' id='word_1_109' title='bbox 234 1803 326 1865; x_wconf 89' lang='lat' dir='ltr'>sum,</span> <span class='ocrx_word' id='word_1_110' title='bbox 350 1786 384 1849; x_wconf 87' lang='lat' dir='ltr'><strong>et</strong></span> <span class='ocrx_word' id='word_1_111' title='bbox 408 1780 507 1849; x_wconf 88' lang='lat' dir='ltr'><strong>locus</strong></span> <span class='ocrx_word' id='word_1_112' title='bbox 529 1780 679 1850; x_wconf 78' lang='lat' dir='ltr'><strong>interius</strong></span> <span class='ocrx_word' id='word_1_113' title='bbox 697 1782 845 1871; x_wconf 78' lang='lat' dir='ltr'><strong>arc[t]us</strong></span> <span class='ocrx_word' id='word_1_114' title='bbox 865 1787 929 1865; x_wconf 89' lang='lat' dir='ltr'><strong>est,</strong></span> <span class='ocrx_word' id='word_1_115' title='bbox 946 1789 982 1849; x_wconf 90' lang='lat' dir='ltr'><strong>et</strong></span> <span class='ocrx_word' id='word_1_116' title='bbox 1003 1802 1076 1849; x_wconf 92' lang='lat' dir='ltr'><strong>non</strong></span> <span class='ocrx_word' id='word_1_117' title='bbox 1099 1781 1205 1853; x_wconf 87' lang='lat' dir='ltr'><strong>bene</strong></span> <span class='ocrx_word' id='word_1_118' title='bbox 1233 1799 1392 1880; x_wconf 87' lang='lat' dir='ltr'><strong>caperet</strong></span> <span class='ocrx_word' id='word_1_119' title='bbox 1413 1814 1470 1860; x_wconf 86' lang='lat' dir='ltr'><strong>nos</strong></span> 
     </span>
     <span class='ocr_line' id='line_1_13' title="bbox 233 1895 1469 1983; baseline 0.011 -18"><span class='ocrx_word' id='word_1_120' title='bbox 233 1896 367 1966; x_wconf 87' lang='lat' dir='ltr'><strong>ambos.</strong></span> <span class='ocrx_word' id='word_1_121' title='bbox 396 1896 468 1965; x_wconf 89' lang='lat' dir='ltr'><strong>lam</strong></span> <span class='ocrx_word' id='word_1_122' title='bbox 492 1895 655 1981; x_wconf 80' lang='lat' dir='ltr'><strong>ascendo,</strong></span> <span class='ocrx_word' id='word_1_123' title='bbox 684 1905 733 1982; x_wconf 86' lang='lat' dir='ltr'><strong>vt,</strong></span> <span class='ocrx_word' id='word_1_124' title='bbox 758 1921 838 1967; x_wconf 88' lang='lat' dir='ltr'><strong>cum</strong></span> <span class='ocrx_word' id='word_1_125' title='bbox 868 1898 1018 1966; x_wconf 88' lang='lat' dir='ltr'><strong>saciatus</strong></span> <span class='ocrx_word' id='word_1_126' title='bbox 1043 1897 1178 1983; x_wconf 86' lang='lat' dir='ltr'><strong>fueris,</strong></span> <span class='ocrx_word' id='word_1_127' title='bbox 1210 1908 1251 1972; x_wconf 90' lang='lat' dir='ltr'><strong>te</strong></span> <span class='ocrx_word' id='word_1_128' title='bbox 1275 1908 1469 1977; x_wconf 76' lang='lat' dir='ltr'><strong>ascendere</strong></span> 
     </span>
     <span class='ocr_line' id='line_1_14' title="bbox 234 2011 1468 2111; baseline 0.003 -30"><span class='ocrx_word' id='word_1_129' title='bbox 234 2014 359 2083; x_wconf 90' lang='lat' dir='ltr'><strong>faciam</strong></span> <span class='ocrx_word' id='word_1_130' title='bbox 375 2013 557 2082; x_wconf 89' lang='lat' dir='ltr'><strong>saciatum.</strong></span> <span class='ocrx_word' id='word_1_131' title='bbox 580 2013 643 2081; x_wconf 90' lang='lat' dir='ltr'><strong>Cui</strong></span> <span class='ocrx_word' id='word_1_132' title='bbox 660 2014 777 2103; x_wconf 92' lang='lat' dir='ltr'>Lupus</span> <span class='ocrx_word' id='word_1_133' title='bbox 794 2034 802 2082; x_wconf 91' lang='lat'><strong>:</strong></span> <span class='ocrx_word' id='word_1_134' title='bbox 820 2013 913 2082; x_wconf 81' lang='lat' dir='ltr'><strong>Rene</strong></span> <span class='ocrx_word' id='word_1_135' title='bbox 932 2011 1064 2097; x_wconf 81' lang='lat' dir='ltr'><strong>dixisti,</strong></span> <span class='ocrx_word' id='word_1_136' title='bbox 1081 2014 1181 2084; x_wconf 90' lang='lat' dir='ltr'><strong>vade</strong></span> <span class='ocrx_word' id='word_1_137' title='bbox 1199 2018 1245 2087; x_wconf 89' lang='lat' dir='ltr'><strong>in</strong></span> <span class='ocrx_word' id='word_1_138' title='bbox 1263 2044 1373 2111; x_wconf 81' lang='lat' dir='ltr'><strong>paee.</strong></span> <span class='ocrx_word' id='word_1_139' title='bbox 1390 2024 1468 2093; x_wconf 80' lang='lat' dir='ltr'><strong>Vui-</strong></span> 
     </span>
     <span class='ocr_line' id='line_1_15' title="bbox 234 2124 1465 2221; baseline 0.006 -23"><span class='ocrx_word' id='word_1_140' title='bbox 234 2152 296 2219; x_wconf 87' lang='lat' dir='ltr'><strong>pes</strong></span> <span class='ocrx_word' id='word_1_141' title='bbox 324 2130 443 2220; x_wconf 88' lang='lat' dir='ltr'><strong>itaque</strong></span> <span class='ocrx_word' id='word_1_142' title='bbox 467 2129 625 2198; x_wconf 88' lang='lat' dir='ltr'><strong>ascendii</strong></span> <span class='ocrx_word' id='word_1_143' title='bbox 647 2135 683 2197; x_wconf 88' lang='lat' dir='ltr'><strong>et</strong></span> <span class='ocrx_word' id='word_1_144' title='bbox 705 2130 743 2196; x_wconf 91' lang='lat' dir='ltr'><strong>in</strong></span> <span class='ocrx_word' id='word_1_145' title='bbox 768 2151 896 2221; x_wconf 86' lang='lat' dir='ltr'><strong>magua</strong></span> <span class='ocrx_word' id='word_1_146' title='bbox 925 2137 1017 2197; x_wconf 88' lang='lat' dir='ltr'><strong>tame</strong></span> <span class='ocrx_word' id='word_1_147' title='bbox 1040 2124 1213 2202; x_wconf 77' lang='lat' dir='ltr'><strong>cucurrit</strong></span> <span class='ocrx_word' id='word_1_148' title='bbox 1243 2137 1295 2206; x_wconf 90' lang='lat' dir='ltr'><strong>ad</strong></span> <span class='ocrx_word' id='word_1_149' title='bbox 1326 2140 1465 2208; x_wconf 74' lang='lat' dir='ltr'><strong>siluam.</strong></span> 
     </span>
     <span class='ocr_line' id='line_1_16' title="bbox 235 2243 1467 2343; baseline 0.007 -30"><span class='ocrx_word' id='word_1_150' title='bbox 235 2246 353 2335; x_wconf 92' lang='lat' dir='ltr'>Lupus</span> <span class='ocrx_word' id='word_1_151' title='bbox 367 2267 462 2329; x_wconf 85' lang='lat' dir='ltr'><strong>vero,</strong></span> <span class='ocrx_word' id='word_1_152' title='bbox 480 2243 708 2328; x_wconf 87' lang='lat' dir='ltr'><strong>descendens,</strong></span> <span class='ocrx_word' id='word_1_153' title='bbox 724 2245 824 2313; x_wconf 90' lang='lat' dir='ltr'><strong>venit</strong></span> <span class='ocrx_word' id='word_1_154' title='bbox 843 2246 880 2313; x_wconf 90' lang='lat' dir='ltr'><strong>in</strong></span> <span class='ocrx_word' id='word_1_155' title='bbox 893 2251 1049 2334; x_wconf 86' lang='lat' dir='ltr'><strong>puteum,</strong></span> <span class='ocrx_word' id='word_1_156' title='bbox 1064 2250 1100 2313; x_wconf 91' lang='lat' dir='ltr'><strong>et</strong></span> <span class='ocrx_word' id='word_1_157' title='bbox 1115 2252 1230 2319; x_wconf 85' lang='lat' dir='ltr'><strong>tanto</strong></span> <span class='ocrx_word' id='word_1_158' title='bbox 1248 2255 1467 2343; x_wconf 78' lang='lat' dir='ltr'><strong>profundius</strong></span> 
     </span>
     <span class='ocr_line' id='line_1_17' title="bbox 233 2359 1505 2462; baseline 0.007 -34"><span class='ocrx_word' id='word_1_159' title='bbox 233 2367 365 2451; x_wconf 87' lang='lat' dir='ltr'><strong>quanio</strong></span> <span class='ocrx_word' id='word_1_160' title='bbox 380 2359 609 2451; x_wconf 81' lang='lat' dir='ltr'><strong>ponderosior</strong></span> <span class='ocrx_word' id='word_1_161' title='bbox 629 2365 715 2444; x_wconf 91' lang='lat' dir='ltr'><strong>erat,</strong></span> <span class='ocrx_word' id='word_1_162' title='bbox 731 2366 767 2429; x_wconf 94' lang='lat' dir='ltr'><strong>et</strong></span> <span class='ocrx_word' id='word_1_163' title='bbox 780 2360 873 2428; x_wconf 88' lang='lat' dir='ltr'><strong>nihil</strong></span> <span class='ocrx_word' id='word_1_164' title='bbox 888 2361 1028 2429; x_wconf 90' lang='lat' dir='ltr'><strong>inuenit</strong></span> <span class='ocrx_word' id='word_1_165' title='bbox 1046 2360 1083 2427; x_wconf 90' lang='lat' dir='ltr'><strong>in</strong></span> <span class='ocrx_word' id='word_1_166' title='bbox 1103 2384 1149 2429; x_wconf 89' lang='lat' dir='ltr'><strong>ee</strong></span> <span class='ocrx_word' id='word_1_167' title='bbox 1169 2366 1256 2435; x_wconf 87' lang='lat' dir='ltr'><strong>nisi</strong></span> <span class='ocrx_word' id='word_1_168' title='bbox 1278 2391 1419 2462; x_wconf 80' lang='lat' dir='ltr'><strong>aquam</strong></span> <span class='ocrx_word' id='word_1_169' title='bbox 1437 2378 1465 2439; x_wconf 87' lang='lat' dir='ltr'><strong>ei</strong></span> <span class='ocrx_word' id='word_1_170' title='bbox 1502 2408 1505 2417; x_wconf 94' lang='lat'>·</span> 
     </span>
     <span class='ocr_line' id='line_1_18' title="bbox 233 2476 1466 2580; baseline 0.013 -38"><span class='ocrx_word' id='word_1_171' title='bbox 233 2476 362 2560; x_wconf 90' lang='lat' dir='ltr'>lutum,</span> <span class='ocrx_word' id='word_1_172' title='bbox 379 2477 417 2544; x_wconf 89' lang='lat' dir='ltr'><strong>in</strong></span> <span class='ocrx_word' id='word_1_173' title='bbox 433 2498 502 2567; x_wconf 90' lang='lat' dir='ltr'><strong>que</strong></span> <span class='ocrx_word' id='word_1_174' title='bbox 517 2477 716 2544; x_wconf 90' lang='lat' dir='ltr'><strong>miserrime</strong></span> <span class='ocrx_word' id='word_1_175' title='bbox 732 2477 955 2568; x_wconf 86' lang='lat' dir='ltr'><strong>mergebatur</strong></span> <span class='ocrx_word' id='word_1_176' title='bbox 972 2477 1144 2568; x_wconf 73' lang='lat' dir='ltr'><strong>usquead</strong></span> <span class='ocrx_word' id='word_1_177' title='bbox 1159 2480 1329 2570; x_wconf 91' lang='lat' dir='ltr'><strong>collum,</strong></span> <span class='ocrx_word' id='word_1_178' title='bbox 1348 2487 1466 2580; x_wconf 76' lang='lat' dir='ltr'><strong>ibique</strong></span> 
     </span>
    </p>

    <p class='ocr_par' dir='ltr' id='par_1_3' title="bbox 178 2591 1465 3150">
     <span class='ocr_line' id='line_1_19' title="bbox 178 2591 1463 2689; baseline 0.01 -30"><span class='ocrx_word' id='word_1_179' title='bbox 178 2680 181 2687; x_wconf 86' lang='lat'><strong>.</strong></span> <span class='ocrx_word' id='word_1_180' title='bbox 233 2598 417 2681; x_wconf 81' lang='lat' dir='ltr'><strong>periciam</strong></span> <span class='ocrx_word' id='word_1_181' title='bbox 432 2597 571 2689; x_wconf 85' lang='lat' dir='ltr'><strong>noctem</strong></span> <span class='ocrx_word' id='word_1_182' title='bbox 585 2592 622 2659; x_wconf 90' lang='lat' dir='ltr'><strong>in</strong></span> <span class='ocrx_word' id='word_1_183' title='bbox 635 2591 766 2683; x_wconf 83' lang='lat' dir='ltr'><strong>frigore</strong></span> <span class='ocrx_word' id='word_1_184' title='bbox 784 2599 819 2661; x_wconf 88' lang='lat' dir='ltr'><strong>et</strong></span> <span class='ocrx_word' id='word_1_185' title='bbox 838 2593 930 2660; x_wconf 87' lang='lat' dir='ltr'><strong>fame</strong></span> <span class='ocrx_word' id='word_1_186' title='bbox 944 2591 1038 2660; x_wconf 90' lang='lat' dir='ltr'><strong>diem</strong></span> <span class='ocrx_word' id='word_1_187' title='bbox 1052 2596 1293 2683; x_wconf 74' lang='lat' dir='ltr'><strong>expectabat.</strong></span> <span class='ocrx_word' id='word_1_188' title='bbox 1313 2603 1361 2672; x_wconf 85' lang='lat' dir='ltr'><strong>Et</strong></span> <span class='ocrx_word' id='word_1_189' title='bbox 1373 2627 1463 2674; x_wconf 86' lang='lat' dir='ltr'><strong>ecce.</strong></span> 
     </span>
     <span class='ocr_line' id='line_1_20' title="bbox 232 2705 1465 2800; baseline 0.011 -24"><span class='ocrx_word' id='word_1_190' title='bbox 232 2714 308 2776; x_wconf 83' lang='lat' dir='ltr'><strong>orio</strong></span> <span class='ocrx_word' id='word_1_191' title='bbox 323 2707 394 2776; x_wconf 84' lang='lat' dir='ltr'><strong>iem</strong></span> <span class='ocrx_word' id='word_1_192' title='bbox 414 2707 499 2791; x_wconf 90' lang='lat' dir='ltr'><strong>sole,</strong></span> <span class='ocrx_word' id='word_1_193' title='bbox 521 2714 698 2775; x_wconf 84' lang='lat' dir='ltr'><strong>venerunt</strong></span> <span class='ocrx_word' id='word_1_194' title='bbox 712 2708 836 2776; x_wconf 87' lang='lat' dir='ltr'><strong>rustici</strong></span> <span class='ocrx_word' id='word_1_195' title='bbox 857 2707 923 2775; x_wconf 90' lang='lat' dir='ltr'><strong>ioci</strong></span> <span class='ocrx_word' id='word_1_196' title='bbox 940 2707 1038 2775; x_wconf 88' lang='lat' dir='ltr'><strong>iliius</strong></span> <span class='ocrx_word' id='word_1_197' title='bbox 1052 2705 1095 2776; x_wconf 92' lang='lat' dir='ltr'><strong>ad</strong></span> <span class='ocrx_word' id='word_1_198' title='bbox 1114 2715 1300 2800; x_wconf 89' lang='lat' dir='ltr'><strong>puteum,</strong></span> <span class='ocrx_word' id='word_1_199' title='bbox 1324 2726 1367 2787; x_wconf 90' lang='lat' dir='ltr'><strong>vt</strong></span> <span class='ocrx_word' id='word_1_200' title='bbox 1383 2719 1465 2789; x_wconf 89' lang='lat' dir='ltr'><strong>bau·</strong></span> 
     </span>
     <span class='ocr_line' id='line_1_21' title="bbox 233 2822 1462 2913; baseline 0.01 -24"><span class='ocrx_word' id='word_1_201' title='bbox 233 2824 343 2892; x_wconf 89' lang='lat' dir='ltr'><strong>rirent</strong></span> <span class='ocrx_word' id='word_1_202' title='bbox 366 2845 507 2913; x_wconf 88' lang='lat' dir='ltr'><strong>aquam,</strong></span> <span class='ocrx_word' id='word_1_203' title='bbox 533 2830 579 2906; x_wconf 90' lang='lat' dir='ltr'><strong>et,</strong></span> <span class='ocrx_word' id='word_1_204' title='bbox 605 2822 824 2891; x_wconf 83' lang='lat' dir='ltr'><strong>dimittentes</strong></span> <span class='ocrx_word' id='word_1_205' title='bbox 853 2824 995 2892; x_wconf 88' lang='lat' dir='ltr'><strong>situlam</strong></span> <span class='ocrx_word' id='word_1_206' title='bbox 1019 2845 1184 2908; x_wconf 89' lang='lat' dir='ltr'><strong>vacuam,</strong></span> <span class='ocrx_word' id='word_1_207' title='bbox 1216 2839 1462 2904; x_wconf 85' lang='lat' dir='ltr'><strong>extraxerunt</strong></span> 
     </span>
     <span class='ocr_line' id='line_1_22' title="bbox 231 2938 1460 3029; baseline 0.011 -21"><span class='ocrx_word' id='word_1_208' title='bbox 231 2939 336 3008; x_wconf 84' lang='lat' dir='ltr'><strong>aliem</strong></span> <span class='ocrx_word' id='word_1_209' title='bbox 351 2960 431 3006; x_wconf 89' lang='lat' dir='ltr'><strong>cum</strong></span> <span class='ocrx_word' id='word_1_210' title='bbox 444 2939 539 3027; x_wconf 91' lang='lat' dir='ltr'>Lupo</span> <span class='ocrx_word' id='word_1_211' title='bbox 555 2938 686 3007; x_wconf 85' lang='lat' dir='ltr'><strong>matido</strong></span> <span class='ocrx_word' id='word_1_212' title='bbox 699 2939 747 3029; x_wconf 79' lang='grc'><strong>(1)</strong></span> <span class='ocrx_word' id='word_1_213' title='bbox 760 2946 793 3006; x_wconf 88' lang='lat' dir='ltr'><strong>et</strong></span> <span class='ocrx_word' id='word_1_214' title='bbox 808 2939 900 3007; x_wconf 82' lang='lat' dir='ltr'><strong>male</strong></span> <span class='ocrx_word' id='word_1_215' title='bbox 912 2939 1074 3008; x_wconf 86' lang='lat' dir='ltr'><strong>habente.</strong></span> <span class='ocrx_word' id='word_1_216' title='bbox 1086 2939 1203 3020; x_wconf 86' lang='lat' dir='ltr'><strong>Quem</strong></span> <span class='ocrx_word' id='word_1_217' title='bbox 1215 2952 1261 3013; x_wconf 86' lang='lat' dir='ltr'><strong>vt</strong></span> <span class='ocrx_word' id='word_1_218' title='bbox 1277 2949 1460 3020; x_wconf 83' lang='lat' dir='ltr'><strong>viderunt.</strong></span> 
     </span>
     <span class='ocr_line' id='line_1_23' title="bbox 232 3039 1371 3150; baseline 0.005 -29"><span class='ocrx_word' id='word_1_219' title='bbox 232 3039 383 3122; x_wconf 87' lang='lat' dir='ltr'>multum</span> <span class='ocrx_word' id='word_1_220' title='bbox 396 3055 508 3146; x_wconf 84' lang='lat' dir='ltr'><strong>gauisi</strong></span> <span class='ocrx_word' id='word_1_221' title='bbox 526 3060 620 3136; x_wconf 87' lang='lat' dir='ltr'><strong>sunt,</strong></span> <span class='ocrx_word' id='word_1_222' title='bbox 638 3061 799 3122; x_wconf 87' lang='lat' dir='ltr'><strong>tenentes</strong></span> <span class='ocrx_word' id='word_1_223' title='bbox 821 3078 903 3122; x_wconf 90' lang='lat' dir='ltr'><strong>eum</strong></span> <span class='ocrx_word' id='word_1_224' title='bbox 919 3061 951 3122; x_wconf 90' lang='lat' dir='ltr'><strong>et</strong></span> <span class='ocrx_word' id='word_1_225' title='bbox 972 3056 1110 3146; x_wconf 83' lang='lat' dir='ltr'><strong>egregie</strong></span> <span class='ocrx_word' id='word_1_226' title='bbox 1122 3055 1371 3150; x_wconf 72' lang='lat' dir='ltr'><strong>fustigantes,</strong></span> 
     </span>
    </p>

    <p class='ocr_par' dir='ltr' id='par_1_4' title="bbox 298 3169 1458 3259">
     <span class='ocr_line' id='line_1_24' title="bbox 298 3169 1458 3259; baseline 0.017 -24"><span class='ocrx_word' id='word_1_227' title='bbox 298 3169 383 3236; x_wconf 86' lang='lat' dir='ltr'><strong>Ecce</strong></span> <span class='ocrx_word' id='word_1_228' title='bbox 396 3191 501 3259; x_wconf 84' lang='lat' dir='ltr'><strong>quam</strong></span> <span class='ocrx_word' id='word_1_229' title='bbox 515 3169 695 3238; x_wconf 87' lang='lat' dir='ltr'><strong>maliciose</strong></span> <span class='ocrx_word' id='word_1_230' title='bbox 708 3193 777 3238; x_wconf 89' lang='lat' dir='ltr'><strong>vna</strong></span> <span class='ocrx_word' id='word_1_231' title='bbox 793 3170 974 3238; x_wconf 86' lang='lat' dir='ltr'><strong>maliciosa</strong></span> <span class='ocrx_word' id='word_1_232' title='bbox 991 3170 1099 3237; x_wconf 87' lang='lat' dir='ltr'><strong>bestia</strong></span> <span class='ocrx_word' id='word_1_233' title='bbox 1114 3171 1318 3248; x_wconf 83' lang='lat' dir='ltr'><strong>iraudauit</strong></span> <span class='ocrx_word' id='word_1_234' title='bbox 1334 3182 1458 3257; x_wconf 78' lang='lat' dir='ltr'><strong>aliam:</strong></span> 
     </span>
    </p>

    <p class='ocr_par' dir='ltr' id='par_1_5' title="bbox 228 3283 1462 3491">
     <span class='ocr_line' id='line_1_25' title="bbox 230 3283 1462 3381; baseline 0.015 -31"><span class='ocrx_word' id='word_1_235' title='bbox 230 3283 320 3351; x_wconf 86' lang='lat' dir='ltr'><strong>vnde</strong></span> <span class='ocrx_word' id='word_1_236' title='bbox 343 3285 595 3352; x_wconf 88' lang='lat' dir='ltr'><strong>conuenienter</strong></span> <span class='ocrx_word' id='word_1_237' title='bbox 614 3284 743 3352; x_wconf 87' lang='lat' dir='ltr'><strong>dicitur</strong></span> <span class='ocrx_word' id='word_1_238' title='bbox 762 3284 972 3369; x_wconf 87' lang='lat' dir='ltr'><strong>Proverbiis,</strong></span> <span class='ocrx_word' id='word_1_239' title='bbox 991 3308 1072 3353; x_wconf 82' lang='lat' dir='ltr'><strong>xxvi</strong></span> <span class='ocrx_word' id='word_1_240' title='bbox 1092 3307 1100 3354; x_wconf 91' lang='lat'><strong>:</strong></span> <span class='ocrx_word' id='word_1_241' title='bbox 1125 3284 1194 3366; x_wconf 84' lang='lat' dir='ltr'><strong>Qui</strong></span> <span class='ocrx_word' id='word_1_242' title='bbox 1217 3296 1349 3381; x_wconf 85' lang='lat' dir='ltr'><strong>operit</strong></span> <span class='ocrx_word' id='word_1_243' title='bbox 1368 3300 1462 3367; x_wconf 84' lang='lat' dir='ltr'><strong>irau-</strong></span> 
     </span>
     <span class='ocr_line' id='line_1_26' title="bbox 228 3398 1077 3491; baseline 0 -24"><span class='ocrx_word' id='word_1_244' title='bbox 228 3398 391 3467; x_wconf 88' lang='lat' dir='ltr'><strong>dulenter</strong></span> <span class='ocrx_word' id='word_1_245' title='bbox 405 3400 539 3483; x_wconf 87' lang='lat' dir='ltr'><strong>odium,</strong></span> <span class='ocrx_word' id='word_1_246' title='bbox 556 3400 773 3469; x_wconf 86' lang='lat' dir='ltr'><strong>reuelabiiur</strong></span> <span class='ocrx_word' id='word_1_247' title='bbox 786 3402 926 3469; x_wconf 89' lang='lat' dir='ltr'><strong>malicia</strong></span> <span class='ocrx_word' id='word_1_248' title='bbox 944 3403 1028 3491; x_wconf 91' lang='lat' dir='ltr'><strong>sua(</strong></span> <span class='ocrx_word' id='word_1_249' title='bbox 1053 3401 1077 3491; x_wconf 95' lang='grc'><strong>).</strong></span> 
     </span>
    </p>
   </div>
   <div class='ocr_carea' id='block_1_3' title="bbox 611 3676 1060 3747">
    <p class='ocr_par' dir='ltr' id='par_1_6' title="bbox 611 3676 1060 3747">
     <span class='ocr_line' id='line_1_27' title="bbox 611 3676 1060 3747; baseline 0.002 -16"><span class='ocrx_word' id='word_1_250' title='bbox 611 3677 670 3732; x_wconf 82' lang='lat' dir='ltr'><strong>iii.</strong></span> <span class='ocrx_word' id='word_1_251' title='bbox 701 3708 735 3718; x_wconf 94' lang='lat'>-</span> <span class='ocrx_word' id='word_1_252' title='bbox 763 3676 1060 3747; x_wconf 52' lang='lat' dir='ltr'><strong>iixcin&#39;meiii</strong></span> 
     </span>
    </p>
   </div>
   <div class='ocr_carea' id='block_1_4' title="bbox 485 3857 1171 3918">
    <p class='ocr_par' dir='ltr' id='par_1_7' title="bbox 485 3857 1171 3918">
     <span class='ocr_line' id='line_1_28' title="bbox 485 3857 1171 3918; baseline 0.003 -3"><span class='ocrx_word' id='word_1_253' title='bbox 485 3859 537 3916; x_wconf 85' lang='lat' dir='ltr'><strong>De</strong></span> <span class='ocrx_word' id='word_1_254' title='bbox 558 3857 731 3918; x_wconf 74' lang='lat' dir='ltr'><strong>vanitate</strong></span> <span class='ocrx_word' id='word_1_255' title='bbox 753 3858 939 3918; x_wconf 81' lang='lat' dir='ltr'><strong>mundane</strong></span> <span class='ocrx_word' id='word_1_256' title='bbox 961 3857 1171 3918; x_wconf 77' lang='lat' dir='ltr'><strong>felicitatis.</strong></span> 
     </span>
    </p>
   </div>
   <div class='ocr_carea' id='block_1_5' title="bbox 228 4037 1459 4363">
    <p class='ocr_par' dir='ltr' id='par_1_8' title="bbox 228 4037 1459 4363">
     <span class='ocr_line' id='line_1_29' title="bbox 296 4037 1459 4144; baseline 0.015 -39"><span class='ocrx_word' id='word_1_257' title='bbox 296 4037 446 4120; x_wconf 81' lang='lat' dir='ltr'><strong>Quidem</strong></span> <span class='ocrx_word' id='word_1_258' title='bbox 466 4040 663 4108; x_wconf 88' lang='lat' dir='ltr'><strong>incantator</strong></span> <span class='ocrx_word' id='word_1_259' title='bbox 682 4039 847 4108; x_wconf 86' lang='lat' dir='ltr'><strong>transiuit</strong></span> <span class='ocrx_word' id='word_1_260' title='bbox 866 4062 983 4108; x_wconf 89' lang='lat' dir='ltr'><strong>coram</strong></span> <span class='ocrx_word' id='word_1_261' title='bbox 1001 4040 1141 4132; x_wconf 84' lang='lat' dir='ltr'><strong>regibus</strong></span> <span class='ocrx_word' id='word_1_262' title='bbox 1161 4050 1197 4109; x_wconf 91' lang='lat' dir='ltr'><strong>ei.</strong></span> <span class='ocrx_word' id='word_1_263' title='bbox 1215 4048 1459 4144; x_wconf 80' lang='lat' dir='ltr'><strong>principibus</strong></span> 
     </span>
     <span class='ocr_line' id='line_1_30' title="bbox 228 4154 1333 4238; baseline 0.009 -16"><span class='ocrx_word' id='word_1_264' title='bbox 228 4160 262 4222; x_wconf 86' lang='lat' dir='ltr'><strong>ei</strong></span> <span class='ocrx_word' id='word_1_265' title='bbox 282 4177 404 4223; x_wconf 85' lang='lat' dir='ltr'><strong>eorum</strong></span> <span class='ocrx_word' id='word_1_266' title='bbox 424 4154 581 4238; x_wconf 87' lang='lat' dir='ltr'><strong>familiis,</strong></span> <span class='ocrx_word' id='word_1_267' title='bbox 597 4161 632 4222; x_wconf 89' lang='lat' dir='ltr'><strong>et</strong></span> <span class='ocrx_word' id='word_1_268' title='bbox 649 4178 772 4223; x_wconf 89' lang='lat' dir='ltr'><strong>omnes</strong></span> <span class='ocrx_word' id='word_1_269' title='bbox 792 4178 855 4224; x_wconf 90' lang='lat' dir='ltr'><strong>sua</strong></span> <span class='ocrx_word' id='word_1_270' title='bbox 868 4156 1109 4224; x_wconf 82' lang='lat' dir='ltr'><strong>incantacione</strong></span> <span class='ocrx_word' id='word_1_271' title='bbox 1129 4165 1333 4234; x_wconf 86' lang='lat' dir='ltr'><strong>excecauit.</strong></span> 
     </span>
     <span class='ocr_line' id='line_1_31' title="bbox 294 4269 1455 4363; baseline 0.01 -25"><span class='ocrx_word' id='word_1_272' title='bbox 294 4269 386 4338; x_wconf 88' lang='lat' dir='ltr'><strong>Talis</strong></span> <span class='ocrx_word' id='word_1_273' title='bbox 412 4277 466 4339; x_wconf 88' lang='lat' dir='ltr'><strong>est</strong></span> <span class='ocrx_word' id='word_1_274' title='bbox 493 4270 705 4339; x_wconf 91' lang='lat' dir='ltr'><strong>diuiciarum</strong></span> <span class='ocrx_word' id='word_1_275' title='bbox 732 4270 991 4354; x_wconf 85' lang='lat' dir='ltr'><strong>habundancia,</strong></span> <span class='ocrx_word' id='word_1_276' title='bbox 1020 4295 1088 4362; x_wconf 87' lang='lat' dir='ltr'><strong>que</strong></span> <span class='ocrx_word' id='word_1_277' title='bbox 1117 4273 1265 4363; x_wconf 88' lang='lat' dir='ltr'><strong>quidem</strong></span> <span class='ocrx_word' id='word_1_278' title='bbox 1303 4297 1455 4357; x_wconf 80' lang='lat' dir='ltr'><strong>excecat</strong></span> 
     </span>
    </p>
   </div>
   <div class='ocr_carea' id='block_1_6' title="bbox 282 4475 884 4640">
    <p class='ocr_par' dir='ltr' id='par_1_9' title="bbox 282 4475 884 4640">
     <span class='ocr_line' id='line_1_32' title="bbox 282 4475 574 4547; baseline 0.01 -18"><span class='ocrx_word' id='word_1_279' title='bbox 282 4475 321 4547; x_wconf 85' lang='grc'><strong>(1)</strong></span> <span class='ocrx_word' id='word_1_280' title='bbox 335 4475 415 4531; x_wconf 88' lang='lat' dir='ltr'><strong>Lisez</strong></span> <span class='ocrx_word' id='word_1_281' title='bbox 429 4493 437 4532; x_wconf 72' lang='grc' dir='ltr'>ι</span> <span class='ocrx_word' id='word_1_282' title='bbox 452 4477 574 4533; x_wconf 63' lang='lat' dir='ltr'><strong>irradiata.</strong></span> 
     </span>
     <span class='ocr_line' id='line_1_33' title="bbox 282 4562 884 4640; baseline 0.005 -22"><span class='ocrx_word' id='word_1_283' title='bbox 282 4562 320 4635; x_wconf 79' lang='lat'><strong>(2)</strong></span> <span class='ocrx_word' id='word_1_284' title='bbox 333 4565 414 4620; x_wconf 77' lang='lat' dir='ltr'><strong>Liber</strong></span> <span class='ocrx_word' id='word_1_285' title='bbox 427 4566 649 4635; x_wconf 81' lang='lat' dir='ltr'><strong>Proverbiorum,</strong></span> <span class='ocrx_word' id='word_1_286' title='bbox 666 4569 696 4622; x_wconf 73' lang='lat' dir='ltr'><strong>ii.</strong></span> <span class='ocrx_word' id='word_1_287' title='bbox 711 4582 786 4634; x_wconf 79' lang='lat' dir='ltr'><strong>xxvi,</strong></span> <span class='ocrx_word' id='word_1_288' title='bbox 797 4582 822 4621; x_wconf 84' lang='lat' dir='ltr'><strong>v.</strong></span> <span class='ocrx_word' id='word_1_289' title='bbox 836 4567 884 4640; x_wconf 80' lang='lat'><strong>26.</strong></span> 
     </span>
    </p>
   </div>
   <div class='ocr_carea' id='block_1_7' title="bbox 0 0 1680 5624">
    <p class='ocr_par' dir='ltr' id='par_1_10' title="bbox 0 0 1680 5624">
     <span class='ocr_line' id='line_1_34' title="bbox 0 0 1680 5624; baseline 0 0"><span class='ocrx_word' id='word_1_290' title='bbox 0 0 1680 5624; x_wconf 95' lang='lat' dir='ltr'><strong> </strong></span> 
     </span>
    </p>
   </div>
  </div>
 </body>
</html>
