3270 5626
287 514 437 567 onoma
463 515 515 567 DE
542 513 753 567 CERI'I'ONA
777 512 1024 565 PARABOLAE.
1212 519 1259 568 3³9

57 661 141 750 quia
160 659 198 726 in
220 661 271 727 eis
291 660 463 750 permixta
479 659 574 726 mala
590 659 674 750 agit,
696 659 787 728 bona
806 680 912 748 opera
936 658 1063 748 perdit,
1092 661 1258 750 quoniam

60 776 239 845 modicum
255 775 418 844 fermenti
435 775 511 866 (sic)
531 781 639 844 totam
659 798 811 844 massam
831 777 1036 866 corrumpit.

136 1042 347 1099 ccxxxvii.
375 1074 411 1083 -
439 1043 489 1098 na
517 1041 771 1100 nnrsroraun
799 1043 957 1099 curuau
986 1045 1188 1101 sacurem

336 1141 436 1198 rosr
466 1141 634 1197 uonrau
664 1141 910 1197 arrianum
934 1140 981 1215 (ι).

125 1319 262 1389 Dicitur
293 1319 386 1410 quod
414 1319 621 1388 Aristoteles
648 1320 811 1409 apparuit
838 1327 917 1408 post
947 1328 1096 1390 mortem
1124 1321 1263 1390 cuidam

58 1436 222 1519 seculari,
235 1442 270 1505 et
284 1437 438 1526 quesiuit
452 1435 495 1502 ab
511 1457 551 1503 eo
566 1434 651 1525 quid
666 1434 882 1526 genus,quid
896 1437 1040 1525 species.
1058 1438 1264 1507 Aristoteles

61 1549 269 1642 respondit:
292 1551 426 1634 Frater,
450 1573 523 1619 non
548 1549 639 1641 apud
659 1573 724 1618 nos
748 1550 834 1641 quid
858 1574 982 1642 genus,
1006 1552 1090 1641 quid
1117 1555 1262 1643 species,

59 1667 196 1736 scilicet
212 1665 298 1757 quid
312 1689 415 1756 pena,
437 1665 521 1756 quid
536 1689 620 1750 non,
642 1667 726 1757 quia
744 1665 872 1756 peribit
886 1668 1076 1737 consilium
1091 1692 1112 1737 a
1127 1671 1266 1759 sapien·

57 1782 164 1852 tibus.

277 2032 501 2088 ccxxxvlll.
530 2062 565 2073 -
593 2033 644 2087 DE
674 2032 842 2098 QUODAM
873 2034 1043 2090 LEGlSTA

343 2131 383 2185 ΙΝ
414 2130 621 2185 Exruuuls
655 2129 901 2186 LABORANTE
929 2132 979 2203 (·2).

127 2306 279 2391 Quidam
292 2308 428 2399 legista,
445 2329 525 2376 cum
541 2306 578 2373 in
593 2307 760 2374 extremis
773 2305 946 2375 laboranti
961 2310 1126 2376 offeretur
1138 2332 1264 2399 corpus

60 2424 188 2493 Christi
213 2430 247 2492 et
261 2430 301 2491 ut
324 2423 602 2491 communicaret
625 2421 900 2512 aldlmoneretur
926 2425 1102 2493 consuetis
1130 2424 1261 2509 uerbis,

63 2537 242 2632 respondit
263 2538 357 2629 quod
381 2539 659 2607 communicaret
671 2539 700 2604 si
718 2538 773 2606 ius
789 2545 823 2606 et
842 2540 946 2607 amici
966 2539 1055 2629 [hoc]
1074 2539 1139 2608 sibi
1156 2540 1265 2609 dicta·
1336 2598 1348 2623 ,

62 2661 152 2724 rent.
167 2656 207 2723 Et
216 2653 383 2723 dixerunt
397 2659 549 2722 astantes
566 2652 639 2720 :lus
655 2660 690 2722 et
705 2653 809 2722 amici
826 2653 891 2722 hoc
906 2653 971 2721 tibi
983 2655 1125 2723 dictant.
1139 2656 1181 2723 Et
1192 2679 1264 2724 res-

59 2770 185 2864 pondit
201 2793 209 2839 :
226 2770 386 2861 Appello.
402 2770 444 2837 Et
464 2770 582 2837 statim
601 2770 803 2852 sullocatus,
822 2775 861 2837 ut
875 2770 1016 2853 dicitur,
1035 2773 1100 2839 iter
1115 2773 1264 2864 arripuit

63 2887 105 2957 ad
121 2886 267 2969 inferos,
289 2885 350 2954 ubi
365 2884 613 2954 miserabiliter
627 2884 900 2975 appellationem
916 2893 1119 2977 persecutus
1139 2894 1202 2954 est.

298 3154 483 3210 ccxxxix.
511 3185 547 3194 -
570 3153 620 3207 on
648 3152 807 3209 cuorus
835 3152 1023 3208 craesus

375 3253 423 3307 ar
449 3251 636 3308 rouauua
664 3250 877 3307 nrosroco
902 3249 946 3322 (a).

126 3433 201 3501 Duo
222 3432 384 3501 honorati
404 3430 475 3498 uiri
491 3430 644 3498 ciuitatis
664 3429 908 3519 Ephesiorum,
930 3429 1124 3497 uendentes
1144 3433 1263 3498 omnia

62 3571 132 3641 que
152 3548 281 3617 habere
304 3552 475 3639 poterant,
497 3545 620 3613 dantes
640 3542 864 3635 pauperibus,
886 3547 995 3613 secuti
1016 3552 1098 3613 sunt
1121 3547 1261 3614 beatum

60 3664 254 3734 lobannem
269 3663 477 3753 apostolum.
494 3661 646 3753 Contigit
664 3666 781 3729 autem
797 3665 837 3727 ut
852 3661 1023 3728 intrantes
1039 3661 1160 3729 urbem
1182 3663 1261 3730 Per·

62 3802 206 3872 gamum
224 3777 392 3847 uiderunt
406 3800 528 3846 seruos
548 3799 630 3844 suos
650 3776 766 3844 siricis
788 3776 834 3867 (l)
856 3774 1016 3844 uestibus
1035 3776 1261 3866 procedentes

62 3897 147 3964 etin
166 3895 281 3987 gloria
300 3893 450 3963 seculari
468 3893 654 3983 fulgentes.
673 3891 773 3960 Vnde
797 3892 924 3983 sagitta
938 3890 1068 3959 diaboli
1089 3894 1258 3983 percussi,

64 4011 181 4079 tristes
201 4009 453 4092 efficiebantur,
476 4031 517 4077 eo
536 4006 630 4098 quod
650 4029 686 4075 se
701 4029 774 4075 uno
793 4006 900 4097 pallio
922 4006 1088 4075 uiderunt
1105 4015 1257 4099 egentes.

63 4125 159 4208 Quod
182 4126 396 4218 intelligens,
414 4125 591 4215 apostolus
607 4124 656 4191 ait
672 4144 680 4191 τ
698 4121 808 4190 Video
828 4145 892 4191 uos
911 4129 944 4190 et
964 4124 1100 4191 animos
1124 4130 1260 4193 uestros

112 4367 151 4439 (l)
171 4368 264 4423 tltme
277 4382 406 4423 sermon.

112 4458 150 4528 (2)
172 4458 266 4511 Mente
281 4472 410 4512 sermon.

114 4545 151 4616 (3)
172 4547 266 4600 the
279 4561 408 4600 sermon.

115 4635 151 4705 (4)
172 4634 252 4690 lisca
270 4635 392 4690 :aeriam
