3270 5626
258 553 361 605 VERS
388 542 506 605 ctrlis
533 553 615 604 PAR
636 554 771 608 EUDES
797 549 905 604 DANS
932 548 1005 602 SES
1032 548 1234 601 SERMONS.
1300 553 1346 602 ³55

481 697 654 787 Spernere
673 695 859 780 mundum,

389 824 400 843 ·
481 813 653 902 Spernere
673 813 826 895 nullum,

480 927 651 1017 Spernere
671 951 757 1011 sese,

480 1043 651 1132 Spernere
668 1044 796 1134 sperni.

212 1258 317 1324 Anna
331 1255 444 1325 tribus
459 1258 590 1347 nupsit,
605 1257 777 1342 Jcachim,
796 1254 957 1347 Cleophae
974 1256 1210 1346 Salomaeque;

213 1372 294 1439 Tres
315 1373 417 1461 parit,
440 1371 504 1440 has
523 1371 620 1440 ducit
638 1372 780 1462 loseph,
800 1371 972 1462 Alpheus,
994 1370 1190 1455 Zebedeus3

213 1486 391 1555 Christum
407 1488 531 1578 prima,
548 1486 688 1579 loseph,
705 1487 887 1564 iacobum,
903 1509 983 1555 cum
999 1486 1141 1555 Simone
1156 1486 1299 1570 Judam3

214 1603 333 1671 Altera
347 1626 425 1694 quse
441 1604 602 1695 sequitur
614 1604 783 1673 Jacobum
799 1604 892 1693 parit
905 1609 1009 1694 atque
1024 1603 1210 1672 loannem.

216 1816 322 1884 Crede
343 1817 425 1899 Deo,
446 1817 502 1884 vel
524 1815 626 1885 crede
647 1818 776 1900 Deum3
799 1817 878 1907 plus
897 1815 1004 1884 credo
1024 1817 1156 1898 valere,

281 1933 317 2000 Si
338 1931 457 2000 credas
481 1934 518 1999 in
537 1955 631 2016 eum,
653 1955 759 2023 quarn
779 1933 834 2000 vel
855 1932 887 2000 ei
906 1931 964 1999 vel
983 1954 1077 1999 eum.

216 2146 353 2221 Forma,
376 2147 473 2214 favor
493 2147 625 2235 populi,
649 2148 765 2214 servor
780 2145 952 2237 juvenilis
971 2167 1125 2234 opesque

282 2261 495 2351 Subripuerc
514 2260 578 2328 tibi
598 2260 742 2329 noscere
762 2260 847 2351 quid
867 2262 913 2328 sit
933 2260 1049 2328 homo.

217 2484 350 2551 Fistula
369 2484 471 2553 dulce
491 2485 598 2567 canit,
619 2483 780 2552 volucres
801 2482 885 2551 dum
905 2482 1035 2573 decipit
1054 2505 1193 2571 auceps.

217 2708 292 2775 Non
313 2730 392 2790 vox,
414 2707 474 2774 sed
496 2713 629 2789 votum,
649 2729 721 2774 non
741 2707 876 2775 musica
894 2706 1075 2790 chordula,
1099 2706 1159 2774 sed
1179 2729 1254 2792 ccr3

283 2824 360 2891 Non
381 2823 550 2907 clamans,
572 2821 632 2890 sed
650 2844 773 2890 amans
795 2823 842 2913 (l)
863 2828 981 2891 cantat
998 2824 1036 2890 in
1058 2845 1118 2890 cre
1139 2823 1213 2891 Dei.

329 3032 366 3083 lle
379 3032 466 3098 sumu.
486 3030 520 3084 ln
535 3044 627 3084 merua
643 3027 716 3084 tecti
729 3030 884 3099 Auqustini
897 3031 1033 3100 scriptum
1050 3035 1133 3085 erat:

219 3181 245 3247 E
265 3181 413 3247 minimo
433 3180 569 3260 crescit,
592 3178 652 3246 sed
672 3201 744 3247 non
763 3181 832 3246 cito
852 3179 945 3246 lama
964 3179 1126 3269 quiescit.

288 3295 457 3377 Quamvis
477 3292 701 3362 mendacium
721 3295 848 3362 crescit
867 3292 994 3376 eundo,
1017 3301 1149 3376 tamen,

218 3411 254 3479 Si
275 3413 353 3502 quis
373 3417 468 3480 amat
486 3410 589 3479 dictis
608 3410 761 3478 alienam
782 3432 923 3499 carpere
942 3410 1065 3492 vitam,

286 3526 382 3594 Hanc
402 3548 561 3593 mensam
582 3524 764 3615 indignam
789 3525 928 3592 noverit
946 3548 1021 3593 esse
1041 3523 1119 3592 sibi.

219 3722 316 3790 Vana
336 3723 430 3790 salus
450 3721 618 3803 hominis,
640 3744 753 3789 vanus
772 3719 887 3804 decor,
907 3723 1025 3789 omnia
1043 3745 1149 3804 vana;

286 3838 380 3906 lnler
399 3860 489 3906 vana
509 3836 599 3904 nihil
621 3838 747 3905 vanius
767 3845 822 3905 est
841 3836 998 3905 homine.

221 4051 370 4140 Spiritus
389 4057 443 4119 est
468 4050 606 4119 Satanae
630 4073 721 4132 caru,
744 4050 887 4130 vermis,
914 4072 1118 4118 mammona
1142 4048 1283 4132 mundi;

354 4167 464 4235 Unica
484 4167 563 4256 plus
583 4165 715 4256 duplici
734 4188 813 4255 pars
834 4189 897 4234 sua
917 4165 1044 4256 cuique
1065 4167 1187 4256 placet.

222 4369 399 4438 Instabilis
418 4369 586 4452 mundus
608 4371 669 4460 qui
690 4376 820 4460 puncto
840 4369 1032 4439 nobiliores

224 4486 402 4554 Permutat
422 4485 584 4553 dominos
603 4492 638 4553 et
656 4484 748 4554 cedit
766 4487 804 4552 in
824 4487 934 4554 altera
950 4486 1043 4576 jura.

213 4646 248 4715 ll)
269 4647 344 4702 Dans
358 4644 503 4718 quelques
518 4645 697 4702 manuscrits
709 4644 729 4701 il
744 4661 792 4718 ya
807 4662 815 4702 :
833 4648 894 4705 Non
906 4646 1018 4715 clamor,
1033 4647 1080 4703 sed
1093 4663 1179 4703 rimor.
