3270 5626
451 484 601 537 ODONIS
627 485 678 535 DE
704 484 913 537 CERITONA
936 484 1179 536 PARABOLAE.
1369 493 1413 542 321

213 634 326 716 Quem
350 652 434 699 oum
459 628 598 698 uideret
617 628 787 718 pusillum
811 627 916 696 ualde
942 635 976 696 et
1000 628 1215 718 despectum,
1241 633 1314 700 ait:
1345 634 1416 726 Ego

213 746 383 841 grandem
409 745 593 814 hominem
622 743 754 812 credidi
788 743 926 825 uidcre;
958 746 1025 812 iste
1058 752 1177 814 autem
1207 748 1248 814 de
1272 730 1442 818 homine⁷

214 864 326 933 nichil
346 861 462 931 habet.
484 840 585 942 Quod
603 867 642 927 111
663 861 720 928 uir
740 860 803 927 Dei
819 859 1051 928 Constancius
1070 860 1221 943 audiuit,
1239 863 1417 952 lampades

214 1003 304 1071 quas
322 975 502 1046 reficiebat
517 976 674 1067 reliquit,
700 981 805 1065 atque
822 976 858 1041 in
875 975 1105 1043 conuitiantis
1125 979 1197 1045 ruit
1215 981 1419 1069 amplexum

215 1115 369 1185 eumque
388 1116 432 1161 ex
450 1113 569 1161 amore
589 1090 829 1181 constringere
850 1089 1003 1158 brachiis
1017 1092 1124 1181 cepit;
1143 1095 1304 1163 osculum
1325 1094 1421 1164 dedit

216 1232 298 1280 eum
313 1209 506 1301 gratiarum
522 1206 671 1290 actione,
689 1205 830 1275 dicens:
849 1206 899 1274 'lu
919 1205 1015 1274 solus
1030 1230 1067 1275 es
1086 1209 1147 1298 qui
1164 1210 1201 1276 in
1221 1231 1277 1278 me
1293 1212 1422 1302 ec(c)u-

217 1326 271 1394 los
291 1323 449 1393 habuisti
468 1329 619 1413 apertos.

284 1441 421 1530 Exque
441 1436 661 1529 pensandum
681 1444 734 1506 est
752 1438 854 1507 cuius
874 1436 967 1528 apud
987 1460 1024 1505 se
1044 1438 1259 1510 humilitatis
1275 1444 1343 1511 luit
1359 1447 1420 1535 qui

219 1555 473 1646 despicientem
492 1576 529 1622 se
549 1554 721 1622 rusticum
737 1554 883 1623 amauit.

271 1788 406 1845 cxcrv.
429 1817 465 1827 -
488 1787 539 1842 oa
568 1787 738 1853 Quonln
767 1785 1027 1842 cnaesrnlar
1055 1789 1103 1843 nr
1128 1788 1180 1844 nn
1208 1791 1370 1847 aaaarn

626 1885 674 1940 nr
700 1883 834 1940 secns
862 1883 949 1940 sors
970 1883 1017 1956 (1).

287 2036 440 2120 Quidam
465 2035 678 2117 claustralis,
704 2035 767 2128 qui
791 2032 834 2103 ab
862 2033 986 2104 abbate
1006 2040 1041 2103 et
1065 2038 1169 2106 sociis
1194 2041 1268 2107 suis
1288 2042 1325 2109 in
1349 2043 1424 2111 uita

223 2176 285 2221 sua
313 2151 614 2244 uilipendebatur,
642 2172 723 2219 cnm
749 2150 869 2218 anima
898 2150 1028 2218 exisset
1059 2149 1101 2220 de
1134 2175 1291 2244 corporo,
1321 2157 1423 2226 lbesu

224 2269 422 2337 occurrenti
442 2269 515 2337 ait:
544 2267 703 2350 Domine,
729 2288 802 2333 non
827 2265 934 2335 habui
957 2266 1235 2338 consolationem
1258 2273 1295 2339 in
1320 2278 1423 2341 terra.

225 2386 265 2453 Et
279 2381 461 2474 respondit
479 2383 513 2451 ei
529 2382 700 2451 Dominus
718 2403 725 2451 :
746 2381 850 2464 Veni,
868 2404 931 2473 ego
947 2404 1006 2449 ero
1026 2384 1227 2453 consolatio
1239 2392 1309 2454 tua.
1328 2387 1426 2469 Quod

223 2522 302 2568 cum
316 2498 426 2568 abbas
438 2521 501 2589 per
512 2499 689 2567 uisienem
705 2498 942 2588 cognouisset,
960 2496 1127 2566 fratribus
1143 2500 1217 2567 suis
1238 2502 1427 2591 penitendo

224 2617 405 2684 confessus
424 2620 478 2682 est
501 2614 653 2705 qualiter
676 2611 833 2703 predicta
855 2614 976 2681 anima
990 2613 1139 2682 Domino
1155 2614 1197 2684 de
1218 2641 1254 2686 se
1274 2642 1428 2710 conque-

228 2739 333 2799 retur.

252 2944 369 3001 cxcv.
404 2974 439 2985 -
468 2943 518 2999 nn
546 2943 642 2999 vrne
670 2943 719 2998 nr
749 2942 883 2999 urens
910 2942 954 2997 se
984 2940 1102 2998 reses
1132 2940 1402 2997 sosannnnnn

637 3040 949 3097 ararunnrraes
968 3039 1017 3113 (a).

291 3194 332 3262 ln
347 3193 474 3261 maiori
490 3192 739 3260 Rritanniauir
754 3198 790 3259 et
801 3214 900 3274 uxor,
918 3192 1045 3281 spiritu
1060 3192 1209 3259 tristicie
1225 3192 1429 3283 instigante,

232 3315 488 3399 preposuerunt
502 3330 538 3376 se
553 3308 647 3398 ipsos
663 3305 891 3396 suspendere,
903 3313 948 3391 et,
960 3330 1041 3375 cum
1055 3330 1091 3376 se
1108 3308 1145 3375 in
1162 3306 1313 3398 quadam
1329 3307 1431 3375 deme

230 3425 438 3493 clausissent
461 3429 497 3492 et
514 3423 684 3513 laqueum
704 3421 772 3490 sibi
800 3423 967 3512 inponere
988 3424 1103 3514 parati
1120 3430 1248 3501 essent,
1267 3421 1433 3491 dixerunt

231 3539 269 3608 ad
284 3542 445 3609 inuicem
462 3561 469 3608 :
493 3539 533 3607 ln
552 3538 656 3607 domo
676 3546 797 3608 nestra
812 3540 1015 3629 frequenter
1030 3541 1253 3608 cantauimus
1269 3541 1432 3629 antipho-

231 3676 309 3724 nam
330 3653 424 3723 beati
445 3653 621 3724 Edmundi
645 3655 779 3746 [regis];
807 3654 917 3722 semel
938 3653 1097 3722 dieamus
1123 3676 1214 3737 eam,
1242 3662 1431 3745 antequam

230 3774 437 3853 moriamur,
453 3772 635 3862 queniam,
650 3769 844 3839 secundum
855 3792 991 3839 morem
1008 3770 1107 3838 illius
1122 3771 1246 3860 patrie,
1264 3771 1330 3862 ipsi
1342 3770 1431 3860 layci

230 3886 342 3977 ipsam
363 3885 606 3977 antiphonam,
630 3887 691 3976 qui
711 3887 860 3977 incipit:
883 3886 972 3959 Aue.
991 3909 1051 3954 rex
1070 3888 1186 3977 gentis
1211 3886 1430 3976 angelornm,

230 4004 321 4070 cirea
340 4003 461 4094 ignem
477 4003 552 4070 loco
573 4000 801 4091 benediclilte
821 4002 1059 4092 frequentant.
1078 4002 1165 4070 Cum
1185 4007 1303 4070 autem
1324 4002 1433 4069 canti·

228 4114 347 4186 lenam
386 4118 655 4200 terminassent,
696 4116 897 4185 adinuicem
945 4116 1182 4202 erubuerunt,
1217 4117 1432 4185 admirantes

230 4233 384 4322 qualiter
405 4238 478 4301 tam
504 4255 648 4301 enorme
672 4233 891 4323 propesitum
920 4234 956 4301 in
984 4256 1188 4302 cereorum
1215 4233 1429 4301 ascenderet.

286 4402 322 4471 (1)
340 4403 483 4459 Dominicn
503 4404 581 4474 ‚alja
594 4408 659 4474 post
678 4403 801 4459 octabam
821 4404 1021 4468 Pentbecestes,
1041 4404 1189 4460 secumdum
1204 4407 1339 4471 Marcum,
1358 4407 1431 4476 ‚oij⁰.

233 4516 269 4529 -
282 4491 388 4546 Exiens
400 4492 503 4548 ihesus
517 4492 555 4549 de
572 4492 682 4548 llnibus
694 4492 773 4565 Tyri,
789 4492 869 4547 venit
881 4509 934 4564 per
946 4493 1094 4565 Sydonem
1107 4493 1145 4550 ad
1159 4511 1241 4551 mare
1256 4494 1377 4549 Galilee.

290 4578 326 4650 (2)
342 4581 436 4637 lltme
451 4597 583 4639 sermon.

1278 4701 1306 4748 21
