3270 5626
383 541 390 551 ι
477 467 633 520 ODONIS
658 468 709 520 nii
737 469 950 522 cantioni
976 469 1163 524 FABULAE.
1376 479 1422 529 215

216 616 391 684 Dixerunt
403 611 545 705 quidam
558 633 566 681 :
581 612 772 683 Scuterdus
787 620 841 683 est
855 613 987 682 animal
1002 615 1136 683 scilicet
1150 617 1255 689 uelox
1266 621 1333 708 tl);
1349 643 1423 689 sus·

217 730 414 822 pendamus
433 731 472 797 in
492 728 581 797 collo
601 729 677 797 eins
698 728 840 798 bursam
860 752 940 797 cum
960 752 1069 798 censu
1088 737 1123 799 et
1142 733 1370 825 iniungamus
1390 737 1422 804 ei

217 846 313 938 quod
332 847 400 914 cito
429 844 562 913 deferat
585 843 628 911 ad
648 845 783 913 curiam
806 844 853 935 (p.
866 847 943 923 503,
966 867 997 913 c.
1011 845 1044 936 i)
1064 845 1198 915 domini
1224 851 1347 918 nostri.
1365 850 1423 919 Sic

216 964 391 1044 lecerunt,
413 967 448 1029 et
475 960 587 1050 Lepus
611 981 692 1027 cum
721 959 827 1028 bursa
851 967 884 1027 ct
908 982 1017 1028 censu
1046 964 1201 1030 cucurrit
1223 963 1266 1032 ad
1282 987 1423 1045 ¹nemus

217 1082 392 1169 quantum
407 1076 532 1166 potuit,
549 1074 642 1166 quod
658 1074 820 1143 homines
835 1075 1040 1144 nesciebant
1054 1099 1123 1166 quo
1136 1077 1331 1147 deuenerit.

285 1192 343 1260 Sic
367 1191 502 1260 iaciunt
518 1190 676 1281 plerique
693 1211 702 1258 :
720 1212 799 1258 cum
824 1192 975 1259 ueniunt
997 1198 1178 1282 questores
1203 1193 1245 1262 de
1265 1194 1423 1286 Haut(e)-

217 1331 293 1400 pas,
320 1308 377 1375 uel
402 1307 519 1376 Sancti
544 1306 702 1387 Antonii,
725 1306 783 1373 uel
806 1306 1109 1387 ltunoiuallenses,
1138 1309 1248 1376 multa
1279 1312 1423 1400 promit

215 1430 310 1507 tunt,
328 1422 441 1491 multa
455 1420 630 1489 mendicia
651 1421 723 1511 (sic)
741 1443 803 1510 pro
819 1422 968 1510 pecunia
983 1422 1232 1512 multiplicant,
1255 1431 1289 1493 et
1308 1425 1422 1492 homi-

215 1563 281 1608 nes
297 1538 370 1606 illis
392 1535 571 1606 credentes
598 1536 727 1604 multas
747 1535 939 1604 oblationes
960 1537 1010 1605 eis
1029 1537 1175 1606 faciunt.
1199 1539 1244 1606 it
1264 1541 1315 1607 illi
1340 1564 1421 1608 eum

216 1655 346 1723 oblatis
366 1675 475 1744 equos
494 1651 698 1735 ascendunt,
716 1659 761 1734 et,
779 1652 869 1720 sicut
887 1652 1011 1741 Lepus,
1034 1653 1204 1721 uelociter
1218 1656 1418 1748 aufugiunt,

216 1772 267 1839 ita
295 1767 389 1860 quod
421 1766 558 1837 datores
584 1765 746 1836 nesciunt
774 1790 843 1856 quo
872 1766 1077 1836 deueniunt.
1111 1769 1271 1838 Forsitan
1300 1771 1420 1839 eadem

215 1891 321 1955 nocte
334 1887 372 1953 in
387 1884 514 1953 crassis
524 1883 638 1974 puteis
653 1881 846 1951 oblationes
863 1882 1069 1973 expendent.
1088 1883 1168 1952 ldeo
1183 1885 1272 1953 dixit
1285 1886 1421 1978 Augus-

215 2004 334 2070 tinus:
351 1999 443 2069 Tene
457 2005 604 2080 certum,
622 1998 759 2066 dimitte
775 1998 961 2066 incertum.
980 1998 1243 2088 Ele[c]mosinas
1259 2001 1302 2069 da
1317 2004 1421 2071 certis

217 2116 391 2208 personis,
408 2114 538 2183 uicinis
552 2114 635 2192 tuis,
655 2113 865 2204 pauperibus
886 2114 1095 2182 uerecundis
1115 2138 1202 2205 quos
1223 2119 1353 2185 nouisti
1370 2119 1421 2185 in·

215 2232 336 2324 digere
352 2237 386 2299 et
406 2231 559 2297 maxime
574 2228 769 2300 domislicis
790 2227 858 2317 (sic)
879 2228 971 2296 fidei.

283 2345 456 2416 Similiter
474 2351 557 2412 sunt
568 2342 712 2435 quidam
727 2345 915 2434 principes,
934 2343 1016 2412 dum
1034 2345 1133 2412 ruine
1150 2348 1287 2435 proprie
1303 2349 1417 2438 gentis

214 2463 418 2546 imminent,
437 2461 610 2529 extraneis
625 2460 822 2550 largissime
839 2458 1066 2527 subueniunt.
1085 2461 1128 2527 Et
1142 2461 1194 2527 illi
1216 2483 1296 2529 cum
1316 2461 1431 2547 donis,

213 2578 414 2669 aufugiunt,
432 2576 523 2644 sicut
536 2574 712 2644 Ol'nrerius
728 2580 885 2657 currunt,
904 2582 937 2642 et
951 2576 1106 2642 nescitur
1125 2598 1194 2666 quo
1210 2576 1414 2661 deueniunt,

213 2694 251 2762 in
282 2692 350 2761 hoc
374 2690 467 2783 quod
491 2693 650 2783 proprios
677 2690 839 2759 homines
865 2690 1053 2780 aufugiunt
1079 2693 1137 2781 (t).
1171 2691 1312 2760 Similes
1337 2701 1417 2762 sunt

215 2809 323 2877 Lanie
337 2807 401 2899 (³),
415 2807 477 2898 qui
493 2806 568 2897 (sic)
584 2807 743 2897 proprios
762 2805 853 2874 filios
872 2805 991 2889 laniat,
1009 2806 1046 2873 in
1065 2805 1130 2874 hoc
1146 2807 1238 2897 quod
1254 2809 1416 2877 nutriunt

213 2925 362 2992 alienos.
375 2922 515 2992 Similes
531 2929 614 2991 sunt
628 2921 775 3002 Galline,
787 2942 855 3010 que
871 2920 985 3011 pullos
1000 2911 1123 2989 Anatis
1139 2922 1273 3006 educat,
1285 2930 1318 2991 et
1333 2925 1418 2992 Bur-

214 3046 307 3120 nete‚
326 3062 394 3129 que
409 3038 523 3106 tilium
543 3037 670 3106 Cucule
690 3036 732 3104 ad
752 3036 885 3104 malum
907 3059 1011 3105 suum
1031 3039 1155 3105 nutrit.

462 3277 571 3334 iiiiib.
595 3308 631 3317 -
657 3279 707 3332 DE
734 3277 955 3333 lNDUSTlllil
981 3277 1170 3333 FOllllllCE.

458 3426 597 3485 Gonu-a
621 3427 896 3497 congregantes
916 3423 1101 3483 inutiliter
1120 3421 1175 3501 (t).
1206 3505 1210 3510 .

283 3627 432 3695 Fornice
448 3625 523 3717 (sic)
538 3625 709 3716 colligunt
724 3624 907 3693 cumulum
922 3624 1103 3708 frumenti,
1120 3634 1160 3694 ut
1179 3625 1259 3694 inde
1275 3625 1320 3716 (p.
1338 3627 1414 3711 503,

214 3767 245 3812 c.
261 3743 296 3832 2)
317 3743 444 3809 uiuant
468 3740 505 3808 in
524 3740 661 3832 hyeme,
684 3747 718 3808 et
736 3741 887 3807 ueniunt
903 3739 1230 3830 quandoque'Porci
1253 3748 1286 3808 et
1304 3748 1417 3809 totum

213 3858 388 3947 dissipant
403 3863 437 3924 et
455 3854 721 3946 com(m)edunt.

268 4018 309 4090 (i)
324 4017 363 4073 ici
375 4016 418 4073 les
430 4017 607 4073 manuscrits
619 4015 792 4087 presentent
800 4014 851 4070 des
859 4013 959 4088 lecons
968 4015 1148 4070 differentes.
1159 4017 1202 4071 On
1216 4016 1249 4072 lit
1262 4016 1335 4073 dans
1345 4017 1416 4072 AS:

218 4107 368 4163 litwardus
387 4112 428 4161 est
443 4107 549 4160 cntmot
562 4106 657 4170 vetem
672 4104 746 4159 dans
763 4105 795 4159 G.
815 4110 844 4158 et
858 4105 914 4158 ΑΑ.
932 4118 938 4156 :
958 4106 1045 4175 Lepus
1064 4109 1104 4160 est
1118 4108 1222 4161 animat
1236 4107 1331 4172 cclcc,¹
1345 4107 1418 4162 dans

218 4196 274 4250 iiii.
288 4213 296 4250 ι
312 4195 488 4253 scrutandus
501 4200 540 4249 est
554 4194 656 4264 aliquis
671 4194 761 4249 velox.

270 4283 309 4354 (2)
320 4282 343 4338 ll
357 4283 420 4338 lant
431 4282 487 4338 lire
504 4301 510 4338 :
526 4285 670 4351 osuipunt.

270 4374 306 4444 (3)
322 4372 406 4428 Ainsi
421 4388 497 4443 pour
519 4374 626 4427 lamia¹

270 4461 310 4533 (4)
324 4462 357 4517 P.
373 4463 420 4529 44,
435 4462 489 4517 AS.
504 4462 550 4529 48,
564 4461 596 4514 V.
608 4462 652 4528 53,
669 4461 728 4515 titt.
740 4461 784 4527 49,
801 4461 858 4516 iic.
873 4463 930 4526 51²,
944 4460 1005 4513 MD.
1018 4460 1062 4526 54,
1079 4460 1134 4514 All.
1152 4463 1178 4526 7,
1195 4460 1249 4515 ΑΒ.
1267 4463 1311 4527 54,
1328 4461 1362 4516 ll.
1373 4464 1418 4526 ot,

224 4551 277 4605 llil.
293 4551 340 4619 44,
358 4550 413 4605 DC.
429 4552 474 4618 45,
489 4551 542 4605 ci.
559 4552 616 4617 42⁸,
633 4550 686 4604 CB.
703 4551 747 4604 45.
