<?xml version="1.0" encoding="UTF-8"?>
<!DOCTYPE html PUBLIC "-//W3C//DTD XHTML 1.0 Transitional//EN"
    "http://www.w3.org/TR/xhtml1/DTD/xhtml1-transitional.dtd">
<html xmlns="http://www.w3.org/1999/xhtml" xml:lang="en" lang="en">
 <head>
  <title>
</title>
<meta http-equiv="Content-Type" content="text/html;charset=utf-8" />
  <meta name='ocr-system' content='tesseract 3.04.00' />
  <meta name='ocr-capabilities' content='ocr_page ocr_carea ocr_par ocr_line ocrx_word'/>
</head>
<body>
  <div class='ocr_page' id='page_1' title='image "./lesfabulistesla00hervgoog_0432.png"; bbox 0 0 3270 5626; ppageno 0'>
   <div class='ocr_carea' id='block_1_1' title="bbox 214 488 1083 546">
    <p class='ocr_par' dir='ltr' id='par_1_1' title="bbox 214 488 1083 546">
     <span class='ocr_line' id='line_1_1' title="bbox 214 488 1083 546; baseline -0.007 0"><span class='ocrx_word' id='word_1_1' title='bbox 214 497 259 546; x_wconf 63' lang='lat'>420</span> <span class='ocrx_word' id='word_1_2' title='bbox 549 488 755 541; x_wconf 73' lang='lat' dir='ltr'>JOHANNIS</span> <span class='ocrx_word' id='word_1_3' title='bbox 781 491 832 542; x_wconf 74' lang='lat' dir='ltr'>DE</span> <span class='ocrx_word' id='word_1_4' title='bbox 862 491 1083 542; x_wconf 66' lang='lat' dir='ltr'>sciturum</span> 
     </span>
    </p>
   </div>
   <div class='ocr_carea' id='block_1_2' title="bbox 214 633 1402 1650">
    <p class='ocr_par' dir='ltr' id='par_1_2' title="bbox 214 633 1402 1650">
     <span class='ocr_line' id='line_1_2' title="bbox 214 633 1393 730; baseline -0.005 -23"><span class='ocrx_word' id='word_1_5' title='bbox 214 638 322 730; x_wconf 91' lang='lat' dir='ltr'>pallio</span> <span class='ocrx_word' id='word_1_6' title='bbox 338 635 500 704; x_wconf 89' lang='lat' dir='ltr'>inuoluto</span> <span class='ocrx_word' id='word_1_7' title='bbox 516 633 678 723; x_wconf 83' lang='lat' dir='ltr'>superba,</span> <span class='ocrx_word' id='word_1_8' title='bbox 689 641 969 725; x_wconf 74' lang='lat' dir='ltr'><strong>presumptuosa,</strong></span> <span class='ocrx_word' id='word_1_9' title='bbox 982 642 1115 703; x_wconf 87' lang='lat' dir='ltr'>ceteras</span> <span class='ocrx_word' id='word_1_10' title='bbox 1130 634 1226 702; x_wconf 76' lang='lat' dir='ltr'>Aues</span> <span class='ocrx_word' id='word_1_11' title='bbox 1240 635 1393 726; x_wconf 75' lang='lat' dir='ltr'>vnguibus</span> 
     </span>
     <span class='ocr_line' id='line_1_3' title="bbox 214 749 1395 839; baseline -0.004 -16"><span class='ocrx_word' id='word_1_12' title='bbox 214 761 248 823; x_wconf 88' lang='lat' dir='ltr'>et</span> <span class='ocrx_word' id='word_1_13' title='bbox 268 759 378 821; x_wconf 90' lang='lat' dir='ltr'>rostro</span> <span class='ocrx_word' id='word_1_14' title='bbox 392 750 565 818; x_wconf 85' lang='lat' dir='ltr'>violenter</span> <span class='ocrx_word' id='word_1_15' title='bbox 579 749 791 839; x_wconf 79' lang='lat' dir='ltr'>impetendo</span> <span class='ocrx_word' id='word_1_16' title='bbox 808 749 885 831; x_wconf 85' lang='lat' dir='ltr'>Quo</span> <span class='ocrx_word' id='word_1_17' title='bbox 905 751 993 832; x_wconf 89' lang='lat' dir='ltr'>vis0‚</span> <span class='ocrx_word' id='word_1_18' title='bbox 1015 749 1183 817; x_wconf 87' lang='lat' dir='ltr'>dixerunt</span> <span class='ocrx_word' id='word_1_19' title='bbox 1202 751 1319 818; x_wconf 75' lang='lat' dir='ltr'>Aues:</span> <span class='ocrx_word' id='word_1_20' title='bbox 1340 751 1395 831; x_wconf 81' lang='lat' dir='ltr'>Que</span> 
     </span>
     <span class='ocr_line' id='line_1_4' title="bbox 214 864 1398 956; baseline -0.004 -19"><span class='ocrx_word' id='word_1_21' title='bbox 214 875 265 938; x_wconf 86' lang='lat' dir='ltr'>ost</span> <span class='ocrx_word' id='word_1_22' title='bbox 288 870 365 951; x_wconf 86' lang='lat' dir='ltr'>ista,</span> <span class='ocrx_word' id='word_1_23' title='bbox 389 889 456 956; x_wconf 87' lang='lat' dir='ltr'>que</span> <span class='ocrx_word' id='word_1_24' title='bbox 476 867 525 933; x_wconf 89' lang='lat' dir='ltr'>sic</span> <span class='ocrx_word' id='word_1_25' title='bbox 549 864 697 955; x_wconf 91' lang='lat' dir='ltr'>superbe</span> <span class='ocrx_word' id='word_1_26' title='bbox 721 871 756 933; x_wconf 86' lang='lat' dir='ltr'>et</span> <span class='ocrx_word' id='word_1_27' title='bbox 778 866 971 934; x_wconf 88' lang='lat' dir='ltr'>insolenter</span> <span class='ocrx_word' id='word_1_28' title='bbox 991 888 1027 933; x_wconf 86' lang='lat' dir='ltr'>se</span> <span class='ocrx_word' id='word_1_29' title='bbox 1047 865 1159 956; x_wconf 70' lang='lat' dir='ltr'>gerit?</span> <span class='ocrx_word' id='word_1_30' title='bbox 1181 866 1224 932; x_wconf 86' lang='lat' dir='ltr'>Et</span> <span class='ocrx_word' id='word_1_31' title='bbox 1245 865 1331 932; x_wconf 81' lang='lat' dir='ltr'>dixit</span> <span class='ocrx_word' id='word_1_32' title='bbox 1348 889 1398 932; x_wconf 81' lang='lat' dir='ltr'>rna</span> 
     </span>
     <span class='ocr_line' id='line_1_5' title="bbox 215 980 1399 1072; baseline -0.006 -19"><span class='ocrx_word' id='word_1_33' title='bbox 215 1005 361 1054; x_wconf 85' lang='lat' dir='ltr'>earum:</span> <span class='ocrx_word' id='word_1_34' title='bbox 384 983 456 1050; x_wconf 87' lang='lat' dir='ltr'>Hec</span> <span class='ocrx_word' id='word_1_35' title='bbox 475 988 526 1049; x_wconf 89' lang='lat' dir='ltr'>est</span> <span class='ocrx_word' id='word_1_36' title='bbox 546 981 674 1049; x_wconf 78' lang='lat' dir='ltr'>Cornix</span> <span class='ocrx_word' id='word_1_37' title='bbox 694 980 767 1062; x_wconf 86' lang='lat' dir='ltr'>iila,</span> <span class='ocrx_word' id='word_1_38' title='bbox 785 1006 865 1072; x_wconf 87' lang='lat' dir='ltr'>que,</span> <span class='ocrx_word' id='word_1_39' title='bbox 883 1005 977 1050; x_wconf 88' lang='lat' dir='ltr'>anno</span> <span class='ocrx_word' id='word_1_40' title='bbox 1000 982 1180 1071; x_wconf 83' lang='lat' dir='ltr'>preterito,</span> <span class='ocrx_word' id='word_1_41' title='bbox 1205 981 1399 1050; x_wconf 85' lang='lat' dir='ltr'>mendieauit</span> 
     </span>
     <span class='ocr_line' id='line_1_6' title="bbox 214 1096 1398 1188; baseline -0.005 -20"><span class='ocrx_word' id='word_1_42' title='bbox 214 1099 350 1169; x_wconf 90' lang='lat' dir='ltr'>anobis</span> <span class='ocrx_word' id='word_1_43' title='bbox 370 1120 503 1188; x_wconf 88' lang='lat' dir='ltr'>pennas</span> <span class='ocrx_word' id='word_1_44' title='bbox 523 1102 660 1164; x_wconf 84' lang='lat' dir='ltr'>nostras</span> <span class='ocrx_word' id='word_1_45' title='bbox 679 1103 717 1164; x_wconf 90' lang='lat' dir='ltr'>vt</span> <span class='ocrx_word' id='word_1_46' title='bbox 730 1120 830 1165; x_wconf 89' lang='lat' dir='ltr'>suam</span> <span class='ocrx_word' id='word_1_47' title='bbox 846 1121 888 1165; x_wconf 89' lang='lat' dir='ltr'>ex</span> <span class='ocrx_word' id='word_1_48' title='bbox 908 1098 959 1165; x_wconf 91' lang='lat' dir='ltr'>eis</span> <span class='ocrx_word' id='word_1_49' title='bbox 979 1096 1239 1187; x_wconf 77' lang='lat' dir='ltr'>turpitudinem</span> <span class='ocrx_word' id='word_1_50' title='bbox 1255 1098 1398 1186; x_wconf 87' lang='lat' dir='ltr'>operiret.</span> 
     </span>
     <span class='ocr_line' id='line_1_7' title="bbox 215 1211 1401 1306; baseline -0.003 -24"><span class='ocrx_word' id='word_1_51' title='bbox 215 1216 437 1306; x_wconf 87' lang='lat' dir='ltr'>Deponamus</span> <span class='ocrx_word' id='word_1_52' title='bbox 462 1212 504 1280; x_wconf 92' lang='lat' dir='ltr'>de</span> <span class='ocrx_word' id='word_1_53' title='bbox 533 1235 572 1280; x_wconf 92' lang='lat' dir='ltr'>ea</span> <span class='ocrx_word' id='word_1_54' title='bbox 596 1213 777 1302; x_wconf 90' lang='lat' dir='ltr'>querelam</span> <span class='ocrx_word' id='word_1_55' title='bbox 799 1213 951 1303; x_wconf 83' lang='lat' dir='ltr'>principi</span> <span class='ocrx_word' id='word_1_56' title='bbox 973 1221 1093 1280; x_wconf 82' lang='lat' dir='ltr'>nostro</span> <span class='ocrx_word' id='word_1_57' title='bbox 1120 1213 1263 1303; x_wconf 73' lang='lat' dir='ltr'>Aquile.</span> <span class='ocrx_word' id='word_1_58' title='bbox 1295 1211 1401 1280; x_wconf 78' lang='lat' dir='ltr'>Audita</span> 
     </span>
     <span class='ocr_line' id='line_1_8' title="bbox 215 1327 1401 1423; baseline -0.005 -24"><span class='ocrx_word' id='word_1_59' title='bbox 215 1333 333 1423; x_wconf 88' lang='lat' dir='ltr'>itaquo</span> <span class='ocrx_word' id='word_1_60' title='bbox 348 1328 502 1420; x_wconf 80' lang='lat' dir='ltr'>querela,</span> <span class='ocrx_word' id='word_1_61' title='bbox 521 1327 648 1420; x_wconf 79' lang='lat' dir='ltr'>Aquila</span> <span class='ocrx_word' id='word_1_62' title='bbox 667 1327 825 1396; x_wconf 90' lang='lat' dir='ltr'>decreuit</span> <span class='ocrx_word' id='word_1_63' title='bbox 843 1334 880 1396; x_wconf 88' lang='lat' dir='ltr'>vt</span> <span class='ocrx_word' id='word_1_64' title='bbox 898 1327 1056 1419; x_wconf 83' lang='lat' dir='ltr'>quelibet</span> <span class='ocrx_word' id='word_1_65' title='bbox 1074 1329 1249 1417; x_wconf 83' lang='lat' dir='ltr'>arriperet</span> <span class='ocrx_word' id='word_1_66' title='bbox 1267 1350 1401 1417; x_wconf 88' lang='lat' dir='ltr'>pennam</span> 
     </span>
     <span class='ocr_line' id='line_1_9' title="bbox 215 1442 1402 1534; baseline -0.004 -20"><span class='ocrx_word' id='word_1_67' title='bbox 215 1468 315 1514; x_wconf 91' lang='lat' dir='ltr'>suam</span> <span class='ocrx_word' id='word_1_68' title='bbox 335 1444 377 1513; x_wconf 91' lang='lat' dir='ltr'>ab</span> <span class='ocrx_word' id='word_1_69' title='bbox 401 1461 453 1514; x_wconf 85' lang='lat' dir='ltr'>ea.</span> <span class='ocrx_word' id='word_1_70' title='bbox 477 1442 553 1524; x_wconf 85' lang='lat' dir='ltr'>Quo</span> <span class='ocrx_word' id='word_1_71' title='bbox 570 1444 671 1522; x_wconf 82' lang='lat' dir='ltr'>facte,</span> <span class='ocrx_word' id='word_1_72' title='bbox 688 1444 851 1534; x_wconf 85' lang='lat' dir='ltr'>apparuit</span> <span class='ocrx_word' id='word_1_73' title='bbox 866 1445 995 1511; x_wconf 87' lang='lat' dir='ltr'>misera</span> <span class='ocrx_word' id='word_1_74' title='bbox 1009 1444 1072 1511; x_wconf 90' lang='lat' dir='ltr'>illa</span> <span class='ocrx_word' id='word_1_75' title='bbox 1087 1443 1124 1510; x_wconf 92' lang='lat' dir='ltr'>in</span> <span class='ocrx_word' id='word_1_76' title='bbox 1139 1465 1205 1511; x_wconf 92' lang='lat' dir='ltr'>sua</span> <span class='ocrx_word' id='word_1_77' title='bbox 1221 1444 1335 1533; x_wconf 92' lang='lat' dir='ltr'>prima</span> <span class='ocrx_word' id='word_1_78' title='bbox 1348 1450 1402 1510; x_wconf 86' lang='lat' dir='ltr'>tur·</span> 
     </span>
     <span class='ocr_line' id='line_1_10' title="bbox 216 1558 1400 1650; baseline -0.003 -23"><span class='ocrx_word' id='word_1_79' title='bbox 216 1559 386 1650; x_wconf 87' lang='lat' dir='ltr'>pitudine,</span> <span class='ocrx_word' id='word_1_80' title='bbox 409 1558 576 1626; x_wconf 85' lang='lat' dir='ltr'>recedens</span> <span class='ocrx_word' id='word_1_81' title='bbox 596 1582 615 1626; x_wconf 91' lang='lat' dir='ltr'>a</span> <span class='ocrx_word' id='word_1_82' title='bbox 634 1559 794 1642; x_wconf 91' lang='lat' dir='ltr'>consilio,</span> <span class='ocrx_word' id='word_1_83' title='bbox 817 1560 962 1627; x_wconf 80' lang='lat' dir='ltr'>contusa</span> <span class='ocrx_word' id='word_1_84' title='bbox 981 1565 1015 1626; x_wconf 89' lang='lat' dir='ltr'>ot</span> <span class='ocrx_word' id='word_1_85' title='bbox 1033 1558 1285 1649; x_wconf 86' lang='lat' dir='ltr'>multipliciter</span> <span class='ocrx_word' id='word_1_86' title='bbox 1304 1559 1400 1626; x_wconf 86' lang='lat' dir='ltr'>illusa.</span> 
     </span>
    </p>
   </div>
   <div class='ocr_carea' id='block_1_3' title="bbox 512 1808 1126 2052">
    <p class='ocr_par' dir='ltr' id='par_1_3' title="bbox 512 1808 1126 2052">
     <span class='ocr_line' id='line_1_11' title="bbox 512 1808 1126 1880; baseline 0.003 -18"><span class='ocrx_word' id='word_1_87' title='bbox 512 1809 563 1863; x_wconf 84' lang='lat' dir='ltr'>lx.</span> <span class='ocrx_word' id='word_1_88' title='bbox 592 1840 628 1849; x_wconf 97' lang='lat'><em>-</em></span> <span class='ocrx_word' id='word_1_89' title='bbox 657 1808 890 1880; x_wconf 66' lang='lat' dir='ltr'>[GRACULUS</span> <span class='ocrx_word' id='word_1_90' title='bbox 918 1809 967 1865; x_wconf 85' lang='lat' dir='ltr'>ET</span> <span class='ocrx_word' id='word_1_91' title='bbox 994 1809 1126 1878; x_wconf 62' lang='lat' dir='ltr'>Pavor</span> 
     </span>
     <span class='ocr_line' id='line_1_12' title="bbox 657 1989 978 2052; baseline -0.012 0"><span class='ocrx_word' id='word_1_92' title='bbox 657 1989 746 2052; x_wconf 74' lang='lat' dir='ltr'>Alia</span> <span class='ocrx_word' id='word_1_93' title='bbox 771 1991 817 2049; x_wconf 82' lang='lat' dir='ltr'>do</span> <span class='ocrx_word' id='word_1_94' title='bbox 839 1992 978 2051; x_wconf 81' lang='lat' dir='ltr'>eodem.</span> 
     </span>
    </p>
   </div>
   <div class='ocr_carea' id='block_1_4' title="bbox 216 2172 1414 2958">
    <p class='ocr_par' dir='ltr' id='par_1_4' title="bbox 216 2172 1414 2958">
     <span class='ocr_line' id='line_1_13' title="bbox 282 2172 1403 2263; baseline -0.004 -21"><span class='ocrx_word' id='word_1_95' title='bbox 282 2174 452 2242; x_wconf 83' lang='lat' dir='ltr'>Graculus</span> <span class='ocrx_word' id='word_1_96' title='bbox 477 2197 546 2240; x_wconf 88' lang='lat' dir='ltr'>vna</span> <span class='ocrx_word' id='word_1_97' title='bbox 574 2172 629 2240; x_wconf 92' lang='lat' dir='ltr'>die</span> <span class='ocrx_word' id='word_1_98' title='bbox 657 2196 791 2263; x_wconf 88' lang='lat' dir='ltr'>pennas</span> <span class='ocrx_word' id='word_1_99' title='bbox 814 2173 967 2240; x_wconf 87' lang='lat' dir='ltr'>Pauonis</span> <span class='ocrx_word' id='word_1_100' title='bbox 986 2196 1069 2241; x_wconf 89' lang='lat' dir='ltr'>casu</span> <span class='ocrx_word' id='word_1_101' title='bbox 1092 2175 1247 2256; x_wconf 86' lang='lat' dir='ltr'>inuenit,</span> <span class='ocrx_word' id='word_1_102' title='bbox 1271 2174 1403 2263; x_wconf 78' lang='lat' dir='ltr'>indeque</span> 
     </span>
     <span class='ocr_line' id='line_1_14' title="bbox 216 2288 1405 2379; baseline -0.002 -23"><span class='ocrx_word' id='word_1_103' title='bbox 216 2290 282 2357; x_wconf 83' lang='lat' dir='ltr'>sibi</span> <span class='ocrx_word' id='word_1_104' title='bbox 311 2288 559 2356; x_wconf 87' lang='lat' dir='ltr'>indumentum</span> <span class='ocrx_word' id='word_1_105' title='bbox 584 2288 728 2371; x_wconf 77' lang='lat' dir='ltr'>faciens,</span> <span class='ocrx_word' id='word_1_106' title='bbox 751 2289 893 2357; x_wconf 89' lang='lat' dir='ltr'>orn&#39;auit</span> <span class='ocrx_word' id='word_1_107' title='bbox 914 2312 962 2370; x_wconf 88' lang='lat' dir='ltr'>se,</span> <span class='ocrx_word' id='word_1_108' title='bbox 985 2289 1168 2379; x_wconf 89' lang='lat' dir='ltr'>sociosque</span> <span class='ocrx_word' id='word_1_109' title='bbox 1196 2313 1297 2378; x_wconf 88' lang='lat' dir='ltr'>pares</span> <span class='ocrx_word' id='word_1_110' title='bbox 1318 2290 1405 2357; x_wconf 80' lang='lat' dir='ltr'>retin-</span> 
     </span>
     <span class='ocr_line' id='line_1_15' title="bbox 216 2404 1406 2496; baseline -0.003 -24"><span class='ocrx_word' id='word_1_111' title='bbox 216 2428 341 2494; x_wconf 79' lang='lat' dir='ltr'>quenS,</span> <span class='ocrx_word' id='word_1_112' title='bbox 360 2404 562 2472; x_wconf 89' lang='lat' dir='ltr'>Pauonibus</span> <span class='ocrx_word' id='word_1_113' title='bbox 576 2427 612 2470; x_wconf 83' lang='lat' dir='ltr'>se</span> <span class='ocrx_word' id='word_1_114' title='bbox 628 2404 761 2485; x_wconf 86' lang='lat' dir='ltr'>iunxit;</span> <span class='ocrx_word' id='word_1_115' title='bbox 780 2405 853 2494; x_wconf 85' lang='lat' dir='ltr'>qui,</span> <span class='ocrx_word' id='word_1_116' title='bbox 872 2410 1161 2496; x_wconf 86' lang='lat' dir='ltr'>recognoscentes</span> <span class='ocrx_word' id='word_1_117' title='bbox 1177 2428 1273 2481; x_wconf 82' lang='lat' dir='ltr'>eum.</span> <span class='ocrx_word' id='word_1_118' title='bbox 1293 2428 1406 2495; x_wconf 85' lang='lat' dir='ltr'>pennas</span> 
     </span>
     <span class='ocr_line' id='line_1_16' title="bbox 217 2519 1407 2610; baseline -0.002 -23"><span class='ocrx_word' id='word_1_119' title='bbox 217 2543 297 2588; x_wconf 90' lang='lat' dir='ltr'>suas</span> <span class='ocrx_word' id='word_1_120' title='bbox 316 2519 359 2588; x_wconf 92' lang='lat' dir='ltr'>ab</span> <span class='ocrx_word' id='word_1_121' title='bbox 375 2543 415 2587; x_wconf 92' lang='lat' dir='ltr'>eo</span> <span class='ocrx_word' id='word_1_122' title='bbox 431 2520 662 2610; x_wconf 83' lang='lat' dir='ltr'>dir(r)ipiunt‚</span> <span class='ocrx_word' id='word_1_123' title='bbox 679 2519 842 2609; x_wconf 88' lang='lat' dir='ltr'>maleque</span> <span class='ocrx_word' id='word_1_124' title='bbox 858 2520 980 2587; x_wconf 88' lang='lat' dir='ltr'>rostris</span> <span class='ocrx_word' id='word_1_125' title='bbox 999 2520 1200 2610; x_wconf 90' lang='lat' dir='ltr'>etpedibus</span> <span class='ocrx_word' id='word_1_126' title='bbox 1216 2523 1407 2589; x_wconf 85' lang='lat' dir='ltr'>infestantes</span> 
     </span>
     <span class='ocr_line' id='line_1_17' title="bbox 218 2633 1406 2727; baseline 0.004 -25"><span class='ocrx_word' id='word_1_127' title='bbox 218 2637 275 2703; x_wconf 89' lang='lat' dir='ltr'>vix</span> <span class='ocrx_word' id='word_1_128' title='bbox 295 2636 510 2703; x_wconf 88' lang='lat' dir='ltr'>semiuiuum</span> <span class='ocrx_word' id='word_1_129' title='bbox 526 2633 722 2702; x_wconf 90' lang='lat' dir='ltr'>dimittunt.</span> <span class='ocrx_word' id='word_1_130' title='bbox 739 2635 821 2717; x_wconf 85' lang='lat' dir='ltr'>Qui,</span> <span class='ocrx_word' id='word_1_131' title='bbox 844 2641 1025 2704; x_wconf 85' lang='lat' dir='ltr'>reuertens</span> <span class='ocrx_word' id='word_1_132' title='bbox 1038 2634 1086 2712; x_wconf 86' lang='lat' dir='ltr'>ad</span> <span class='ocrx_word' id='word_1_133' title='bbox 1095 2659 1210 2727; x_wconf 87' lang='lat' dir='ltr'>genus</span> <span class='ocrx_word' id='word_1_134' title='bbox 1227 2637 1406 2727; x_wconf 87' lang='lat' dir='ltr'>proprium.</span> 
     </span>
     <span class='ocr_line' id='line_1_18' title="bbox 217 2749 1410 2842; baseline 0.003 -24"><span class='ocrx_word' id='word_1_135' title='bbox 217 2750 354 2818; x_wconf 88' lang='lat' dir='ltr'>audiuit</span> <span class='ocrx_word' id='word_1_136' title='bbox 382 2750 448 2818; x_wconf 89' lang='lat' dir='ltr'>sibi</span> <span class='ocrx_word' id='word_1_137' title='bbox 479 2750 546 2818; x_wconf 88' lang='lat' dir='ltr'>dici</span> <span class='ocrx_word' id='word_1_138' title='bbox 573 2773 581 2819; x_wconf 91' lang='lat'>:</span> <span class='ocrx_word' id='word_1_139' title='bbox 608 2749 643 2818; x_wconf 87' lang='lat' dir='ltr'>Si</span> <span class='ocrx_word' id='word_1_140' title='bbox 674 2757 788 2818; x_wconf 88' lang='lat' dir='ltr'>vestes</span> <span class='ocrx_word' id='word_1_141' title='bbox 822 2757 900 2818; x_wconf 94' lang='lat' dir='ltr'>tuas</span> <span class='ocrx_word' id='word_1_142' title='bbox 936 2773 1024 2842; x_wconf 92' lang='lat' dir='ltr'>quas</span> <span class='ocrx_word' id='word_1_143' title='bbox 1054 2750 1118 2819; x_wconf 91' lang='lat' dir='ltr'>tibi</span> <span class='ocrx_word' id='word_1_144' title='bbox 1152 2759 1281 2821; x_wconf 89' lang='lat' dir='ltr'>natura</span> <span class='ocrx_word' id='word_1_145' title='bbox 1316 2752 1410 2821; x_wconf 85' lang='lat' dir='ltr'>dedit.</span> 
     </span>
     <span class='ocr_line' id='line_1_19' title="bbox 217 2865 1414 2958; baseline 0 -24"><span class='ocrx_word' id='word_1_146' title='bbox 217 2889 383 2949; x_wconf 87' lang='lat' dir='ltr'>amasses,</span> <span class='ocrx_word' id='word_1_147' title='bbox 401 2866 464 2933; x_wconf 77' lang='lat' dir='ltr'>tilii</span> <span class='ocrx_word' id='word_1_148' title='bbox 485 2866 702 2933; x_wconf 81' lang='lat' dir='ltr'>suffecissent</span> <span class='ocrx_word' id='word_1_149' title='bbox 723 2865 835 2934; x_wconf 84' lang='lat' dir='ltr'>etheo</span> <span class='ocrx_word' id='word_1_150' title='bbox 855 2865 1034 2958; x_wconf 90' lang='lat' dir='ltr'>malaque</span> <span class='ocrx_word' id='word_1_151' title='bbox 1056 2868 1221 2956; x_wconf 85' lang='lat' dir='ltr'>recepisti</span> <span class='ocrx_word' id='word_1_152' title='bbox 1241 2893 1310 2937; x_wconf 89' lang='lat' dir='ltr'>non</span> <span class='ocrx_word' id='word_1_153' title='bbox 1334 2891 1414 2937; x_wconf 89' lang='lat' dir='ltr'>reee-</span> 
     </span>
    </p>
   </div>
   <div class='ocr_carea' id='block_1_5' title="bbox 220 2984 340 3071">
    <p class='ocr_par' dir='ltr' id='par_1_5' title="bbox 220 2984 340 3071">
     <span class='ocr_line' id='line_1_20' title="bbox 220 2984 340 3071; baseline 0.008 -23"><span class='ocrx_word' id='word_1_154' title='bbox 220 2984 340 3071; x_wconf 70' lang='lat' dir='ltr'>pissas</span> 
     </span>
    </p>
   </div>
   <div class='ocr_carea' id='block_1_6' title="bbox 530 3143 1109 3384">
    <p class='ocr_par' dir='ltr' id='par_1_6' title="bbox 530 3143 1109 3384">
     <span class='ocr_line' id='line_1_21' title="bbox 530 3143 1109 3214; baseline 0.002 -18"><span class='ocrx_word' id='word_1_155' title='bbox 530 3143 563 3197; x_wconf 85' lang='lat' dir='ltr'>x.</span> <span class='ocrx_word' id='word_1_156' title='bbox 591 3174 626 3182; x_wconf 88' lang='lat'>-</span> <span class='ocrx_word' id='word_1_157' title='bbox 652 3144 845 3213; x_wconf 75' lang='lat' dir='ltr'>[edumei</span> <span class='ocrx_word' id='word_1_158' title='bbox 876 3144 924 3196; x_wconf 89' lang='lat' dir='ltr'>nr</span> <span class='ocrx_word' id='word_1_159' title='bbox 950 3144 1109 3214; x_wconf 66' lang='lat' dir='ltr'>ausen]</span> 
     </span>
     <span class='ocr_line' id='line_1_22' title="bbox 663 3325 978 3384; baseline 0 -2"><span class='ocrx_word' id='word_1_160' title='bbox 663 3325 750 3382; x_wconf 85' lang='lat' dir='ltr'>Alia</span> <span class='ocrx_word' id='word_1_161' title='bbox 771 3327 816 3382; x_wconf 84' lang='lat' dir='ltr'>de</span> <span class='ocrx_word' id='word_1_162' title='bbox 839 3327 978 3384; x_wconf 87' lang='lat' dir='ltr'>eodem.</span> 
     </span>
    </p>
   </div>
   <div class='ocr_carea' id='block_1_7' title="bbox 224 3506 1425 4412">
    <p class='ocr_par' dir='ltr' id='par_1_7' title="bbox 224 3506 1425 4412">
     <span class='ocr_line' id='line_1_23' title="bbox 289 3506 1419 3599; baseline 0.004 -27"><span class='ocrx_word' id='word_1_163' title='bbox 289 3506 370 3572; x_wconf 85' lang='lat' dir='ltr'>Ortu</span> <span class='ocrx_word' id='word_1_164' title='bbox 392 3514 443 3572; x_wconf 80' lang='lat' dir='ltr'>est</span> <span class='ocrx_word' id='word_1_165' title='bbox 457 3508 637 3572; x_wconf 79' lang='lat' dir='ltr'>corrieueio</span> <span class='ocrx_word' id='word_1_166' title='bbox 656 3509 745 3573; x_wconf 89' lang='lat' dir='ltr'>inter</span> <span class='ocrx_word' id='word_1_167' title='bbox 765 3507 920 3575; x_wconf 80' lang='lat' dir='ltr'>Muscam</span> <span class='ocrx_word' id='word_1_168' title='bbox 938 3514 971 3574; x_wconf 90' lang='lat' dir='ltr'>et</span> <span class='ocrx_word' id='word_1_169' title='bbox 988 3508 1011 3574; x_wconf 57' lang='lat' dir='ltr'>l?</span> <span class='ocrx_word' id='word_1_170' title='bbox 1015 3509 1195 3590; x_wconf 79' lang='lat' dir='ltr'>nimirum,</span> <span class='ocrx_word' id='word_1_171' title='bbox 1220 3534 1289 3599; x_wconf 85' lang='lat' dir='ltr'>que</span> <span class='ocrx_word' id='word_1_172' title='bbox 1307 3535 1419 3578; x_wconf 74' lang='lat' dir='ltr'>‹urruu</span> 
     </span>
     <span class='ocr_line' id='line_1_24' title="bbox 224 3621 1422 3712; baseline 0.003 -23"><span class='ocrx_word' id='word_1_173' title='bbox 224 3626 310 3689; x_wconf 85' lang='lat' dir='ltr'>soret</span> <span class='ocrx_word' id='word_1_174' title='bbox 331 3622 480 3712; x_wconf 78' lang='lat' dir='ltr'>dignior.</span> <span class='ocrx_word' id='word_1_175' title='bbox 504 3621 623 3689; x_wconf 76' lang='lat' dir='ltr'>Musca</span> <span class='ocrx_word' id='word_1_176' title='bbox 639 3624 780 3712; x_wconf 91' lang='lat' dir='ltr'>quidem</span> <span class='ocrx_word' id='word_1_177' title='bbox 797 3624 886 3690; x_wconf 88' lang='lat' dir='ltr'>dixit</span> <span class='ocrx_word' id='word_1_178' title='bbox 907 3646 913 3689; x_wconf 90' lang='lat'>:</span> <span class='ocrx_word' id='word_1_179' title='bbox 933 3624 983 3689; x_wconf 84' lang='lat' dir='ltr'>Tu</span> <span class='ocrx_word' id='word_1_180' title='bbox 1005 3625 1133 3690; x_wconf 85' lang='lat' dir='ltr'>nostris</span> <span class='ocrx_word' id='word_1_181' title='bbox 1150 3625 1319 3693; x_wconf 69' lang='lat' dir='ltr'>laudium</span> <span class='ocrx_word' id='word_1_182' title='bbox 1337 3651 1422 3694; x_wconf 87' lang='lat' dir='ltr'>ronr-</span> 
     </span>
     <span class='ocr_line' id='line_1_25' title="bbox 224 3738 1424 3828; baseline 0.003 -25"><span class='ocrx_word' id='word_1_183' title='bbox 224 3738 336 3827; x_wconf 87' lang='lat' dir='ltr'>parari</span> <span class='ocrx_word' id='word_1_184' title='bbox 362 3762 432 3804; x_wconf 94' lang='lat' dir='ltr'>non</span> <span class='ocrx_word' id='word_1_185' title='bbox 458 3739 614 3826; x_wconf 82' lang='lat' dir='ltr'>poteris:</span> <span class='ocrx_word' id='word_1_186' title='bbox 639 3741 673 3804; x_wconf 92' lang='lat' dir='ltr'>iu</span> <span class='ocrx_word' id='word_1_187' title='bbox 693 3740 805 3827; x_wconf 82' lang='lat' dir='ltr'>capite</span> <span class='ocrx_word' id='word_1_188' title='bbox 828 3740 918 3828; x_wconf 85' lang='lat' dir='ltr'>rogis</span> <span class='ocrx_word' id='word_1_189' title='bbox 939 3739 1058 3820; x_wconf 79' lang='lat' dir='ltr'>sedeo;</span> <span class='ocrx_word' id='word_1_190' title='bbox 1081 3740 1122 3806; x_wconf 94' lang='lat' dir='ltr'>de</span> <span class='ocrx_word' id='word_1_191' title='bbox 1146 3741 1339 3809; x_wconf 76' lang='lat' dir='ltr'>immolatis</span> <span class='ocrx_word' id='word_1_192' title='bbox 1361 3744 1424 3810; x_wconf 71' lang='lat' dir='ltr'>dii&gt;</span> 
     </span>
     <span class='ocr_line' id='line_1_26' title="bbox 226 3853 1424 3947; baseline 0.003 -27"><span class='ocrx_word' id='word_1_193' title='bbox 226 3855 337 3943; x_wconf 87' lang='lat' dir='ltr'>prima</span> <span class='ocrx_word' id='word_1_194' title='bbox 356 3862 474 3943; x_wconf 78' lang='lat' dir='ltr'>gusto:</span> <span class='ocrx_word' id='word_1_195' title='bbox 495 3855 662 3920; x_wconf 74' lang='lat' dir='ltr'>urntronis</span> <span class='ocrx_word' id='word_1_196' title='bbox 685 3853 861 3921; x_wconf 80' lang='lat' dir='ltr'>nobilibus</span> <span class='ocrx_word' id='word_1_197' title='bbox 881 3855 999 3921; x_wconf 84' lang='lat' dir='ltr'>oscula</span> <span class='ocrx_word' id='word_1_198' title='bbox 1022 3855 1160 3943; x_wconf 79' lang='lat' dir='ltr'>probeo.</span> <span class='ocrx_word' id='word_1_199' title='bbox 1184 3880 1328 3947; x_wconf 73' lang='lat' dir='ltr'>(piloque</span> <span class='ocrx_word' id='word_1_200' title='bbox 1349 3859 1424 3925; x_wconf 83' lang='lat' dir='ltr'>libet</span> 
     </span>
     <span class='ocr_line' id='line_1_27' title="bbox 229 3968 1424 4059; baseline 0.003 -25"><span class='ocrx_word' id='word_1_201' title='bbox 229 3970 337 4037; x_wconf 77' lang='lat' dir='ltr'>libera</span> <span class='ocrx_word' id='word_1_202' title='bbox 358 3971 477 4035; x_wconf 75' lang='lat' dir='ltr'>volito.</span> <span class='ocrx_word' id='word_1_203' title='bbox 502 3970 549 4035; x_wconf 88' lang='lat' dir='ltr'>Tu</span> <span class='ocrx_word' id='word_1_204' title='bbox 574 3970 710 4035; x_wconf 75' lang='lat' dir='ltr'>veroin</span> <span class='ocrx_word' id='word_1_205' title='bbox 735 3968 820 4035; x_wconf 92' lang='lat' dir='ltr'>limo</span> <span class='ocrx_word' id='word_1_206' title='bbox 842 3976 873 4035; x_wconf 82' lang='lat' dir='ltr'>et</span> <span class='ocrx_word' id='word_1_207' title='bbox 896 3970 1038 4058; x_wconf 85' lang='lat' dir='ltr'>puluere</span> <span class='ocrx_word' id='word_1_208' title='bbox 1062 3994 1201 4059; x_wconf 85' lang='lat' dir='ltr'>semper</span> <span class='ocrx_word' id='word_1_209' title='bbox 1227 3973 1376 4044; x_wconf 73' lang='lat' dir='ltr'>habitas.</span> <span class='ocrx_word' id='word_1_210' title='bbox 1397 3984 1424 4040; x_wconf 87' lang='lat' dir='ltr'>et</span> 
     </span>
     <span class='ocr_line' id='line_1_28' title="bbox 227 4084 1424 4179; baseline 0.005 -29"><span class='ocrx_word' id='word_1_211' title='bbox 227 4108 288 4174; x_wconf 87' lang='lat' dir='ltr'>pro</span> <span class='ocrx_word' id='word_1_212' title='bbox 317 4093 375 4151; x_wconf 82' lang='lat' dir='ltr'>tuo</span> <span class='ocrx_word' id='word_1_213' title='bbox 405 4087 497 4151; x_wconf 78' lang='lat' dir='ltr'>rictu</span> <span class='ocrx_word' id='word_1_214' title='bbox 527 4086 654 4150; x_wconf 82' lang='lat' dir='ltr'>misero</span> <span class='ocrx_word' id='word_1_215' title='bbox 677 4084 750 4150; x_wconf 92' lang='lat' dir='ltr'>dire</span> <span class='ocrx_word' id='word_1_216' title='bbox 779 4084 928 4151; x_wconf 83' lang='lat' dir='ltr'>laboras.</span> <span class='ocrx_word' id='word_1_217' title='bbox 957 4085 1017 4152; x_wconf 88' lang='lat' dir='ltr'>Cui</span> <span class='ocrx_word' id='word_1_218' title='bbox 1042 4086 1202 4154; x_wconf 79' lang='lat' dir='ltr'>Formica</span> <span class='ocrx_word' id='word_1_219' title='bbox 1228 4110 1234 4154; x_wconf 92' lang='lat'>:</span> <span class='ocrx_word' id='word_1_220' title='bbox 1271 4091 1424 4179; x_wconf 84' lang='lat' dir='ltr'>improba</span> 
     </span>
     <span class='ocr_line' id='line_1_29' title="bbox 229 4200 1422 4292; baseline 0.006 -25"><span class='ocrx_word' id='word_1_221' title='bbox 229 4202 346 4290; x_wconf 74' lang='lat' dir='ltr'>pestiS,</span> <span class='ocrx_word' id='word_1_222' title='bbox 366 4208 485 4267; x_wconf 84' lang='lat' dir='ltr'>eontra</span> <span class='ocrx_word' id='word_1_223' title='bbox 509 4208 539 4266; x_wconf 84' lang='lat' dir='ltr'>le</span> <span class='ocrx_word' id='word_1_224' title='bbox 561 4201 671 4288; x_wconf 85' lang='lat' dir='ltr'>ipsam</span> <span class='ocrx_word' id='word_1_225' title='bbox 692 4200 755 4267; x_wconf 85' lang='lat' dir='ltr'>heo</span> <span class='ocrx_word' id='word_1_226' title='bbox 776 4200 906 4266; x_wconf 81' lang='lat' dir='ltr'>dixisti.</span> <span class='ocrx_word' id='word_1_227' title='bbox 929 4201 1118 4290; x_wconf 79' lang='lat' dir='ltr'>Nunquam</span> <span class='ocrx_word' id='word_1_228' title='bbox 1138 4210 1256 4292; x_wconf 83' lang='lat' dir='ltr'>optata</span> <span class='ocrx_word' id='word_1_229' title='bbox 1276 4208 1422 4274; x_wconf 62' lang='lat' dir='ltr'>veneris</span> 
     </span>
     <span class='ocr_line' id='line_1_30' title="bbox 229 4316 1425 4412; baseline 0.003 -29"><span class='ocrx_word' id='word_1_230' title='bbox 229 4340 437 4406; x_wconf 85' lang='lat' dir='ltr'>quocunque</span> <span class='ocrx_word' id='word_1_231' title='bbox 460 4319 608 4386; x_wconf 78' lang='lat' dir='ltr'>veneris,</span> <span class='ocrx_word' id='word_1_232' title='bbox 627 4323 662 4382; x_wconf 77' lang='lat' dir='ltr'>rt</span> <span class='ocrx_word' id='word_1_233' title='bbox 683 4316 803 4382; x_wconf 87' lang='lat' dir='ltr'>odiosa</span> <span class='ocrx_word' id='word_1_234' title='bbox 819 4318 962 4405; x_wconf 76' lang='lat' dir='ltr'>fugaris,</span> <span class='ocrx_word' id='word_1_235' title='bbox 981 4317 1118 4383; x_wconf 74' lang='lat' dir='ltr'>dalrello</span> <span class='ocrx_word' id='word_1_236' title='bbox 1134 4318 1301 4410; x_wconf 76' lang='lat' dir='ltr'>abigens,</span> <span class='ocrx_word' id='word_1_237' title='bbox 1323 4329 1354 4389; x_wconf 86' lang='lat' dir='ltr'>et</span> <span class='ocrx_word' id='word_1_238' title='bbox 1373 4344 1425 4412; x_wconf 90' lang='lat' dir='ltr'>op·</span> 
     </span>
    </p>
   </div>
   <div class='ocr_carea' id='block_1_8' title="bbox 231 4431 1423 4637">
    <p class='ocr_par' dir='ltr' id='par_1_8' title="bbox 231 4431 1423 4637">
     <span class='ocr_line' id='line_1_31' title="bbox 231 4431 1423 4527; baseline 0.003 -31"><span class='ocrx_word' id='word_1_239' title='bbox 231 4440 343 4499; x_wconf 79' lang='lat' dir='ltr'>[anter</span> <span class='ocrx_word' id='word_1_240' title='bbox 363 4431 542 4499; x_wconf 77' lang='lat' dir='ltr'>occideris.</span> <span class='ocrx_word' id='word_1_241' title='bbox 562 4433 633 4522; x_wconf 79' lang='lat' dir='ltr'>Ego</span> <span class='ocrx_word' id='word_1_242' title='bbox 659 4456 759 4512; x_wconf 78' lang='lat' dir='ltr'>xero,</span> <span class='ocrx_word' id='word_1_243' title='bbox 782 4438 890 4498; x_wconf 87' lang='lat' dir='ltr'>estate</span> <span class='ocrx_word' id='word_1_244' title='bbox 912 4432 1030 4500; x_wconf 86' lang='lat' dir='ltr'>sedula</span> <span class='ocrx_word' id='word_1_245' title='bbox 1052 4433 1188 4508; x_wconf 82' lang='lat' dir='ltr'>laboro,</span> <span class='ocrx_word' id='word_1_246' title='bbox 1213 4437 1248 4502; x_wconf 93' lang='lat' dir='ltr'>in</span> <span class='ocrx_word' id='word_1_247' title='bbox 1269 4461 1368 4527; x_wconf 72' lang='lat' dir='ltr'>yeme</span> <span class='ocrx_word' id='word_1_248' title='bbox 1388 4437 1423 4502; x_wconf 90' lang='lat' dir='ltr'>de</span> 
     </span>
     <span class='ocr_line' id='line_1_32' title="bbox 231 4547 1069 4637; baseline 0.002 -25"><span class='ocrx_word' id='word_1_249' title='bbox 231 4569 308 4613; x_wconf 84' lang='lat' dir='ltr'>meo</span> <span class='ocrx_word' id='word_1_250' title='bbox 330 4547 447 4614; x_wconf 80' lang='lat' dir='ltr'>labore</span> <span class='ocrx_word' id='word_1_251' title='bbox 467 4548 614 4614; x_wconf 85' lang='lat' dir='ltr'>tideliter</span> <span class='ocrx_word' id='word_1_252' title='bbox 627 4550 707 4614; x_wconf 78' lang='lat' dir='ltr'>xiuo</span> <span class='ocrx_word' id='word_1_253' title='bbox 724 4554 755 4613; x_wconf 86' lang='lat' dir='ltr'>et</span> <span class='ocrx_word' id='word_1_254' title='bbox 777 4570 898 4614; x_wconf 87' lang='lat' dir='ltr'>secura</span> <span class='ocrx_word' id='word_1_255' title='bbox 915 4549 1069 4637; x_wconf 81' lang='lat' dir='ltr'>quiesco.</span> 
     </span>
    </p>
   </div>
   <div class='ocr_carea' id='block_1_9' title="bbox 0 0 1657 5626">
    <p class='ocr_par' dir='ltr' id='par_1_9' title="bbox 0 0 1657 5626">
     <span class='ocr_line' id='line_1_33' title="bbox 0 0 1657 5626; baseline 0 0"><span class='ocrx_word' id='word_1_256' title='bbox 0 0 1657 5626; x_wconf 95' lang='lat' dir='ltr'> </span> 
     </span>
    </p>
   </div>
  </div>
 </body>
</html>
