3270 5626
215 545 261 595 356
326 542 431 595 VERS
458 526 575 594 cluu's
602 543 685 594 PAR
709 542 843 595 EUDES
870 540 978 593 DANS
1004 539 1077 592 SES
1105 540 1307 594 SERMONS.

283 687 431 769 Tincti0‚
448 685 613 767 chrisma,
635 708 728 768 curo,
743 685 857 769 dolor,
876 686 1012 768 unctio,
1028 684 1143 754 lectus
1163 692 1199 754 et
1217 685 1300 755 ordo

283 802 429 884 lau-ant,
452 801 650 884 firmantur,
673 808 837 894 pergunt,
858 799 1009 869 redeunt
1027 800 1245 893 abeuntque,

282 916 475 999 Scaptium,
497 923 683 986 servantur
702 940 764 1009 per
784 923 919 1006 septem
937 938 1036 985 sacra
1055 914 1189 985 fideles.
1305 1005 1306 1010 ἵ
1400 941 1402 949 ’

283 1167 460 1258 Frigidus,
481 1189 501 1234 o
521 1167 635 1258 pueri,
657 1166 780 1257 sugite,
798 1166 856 1234 hic
874 1167 959 1234 latet
975 1167 1103 1258 anguis
1122 1167 1161 1234 in
1179 1166 1297 1236 herba.

282 1407 416 1475 Parcite
436 1427 628 1496 paucorum
646 1404 894 1474 transfundere
914 1405 1050 1473 crimen
1070 1406 1108 1473 iu
1128 1428 1253 1475 omnes
1272 1406 1326 1497 (t).

281 1647 331 1714 Ex
351 1669 387 1714 se
408 1669 470 1736 pro
489 1647 617 1714 merito
637 1646 726 1716 falso
744 1647 825 1736 plus
842 1645 1008 1714 omnibus
1027 1646 1140 1714 inflat.

279 1878 360 1946 Alta
379 1876 521 1962 cadunt,
543 1878 665 1946 inflata
685 1885 841 1969 crepant,
864 1879 1054 1947 tumefacta
1072 1886 1293 1969 premuntur.

279 1993 352 2061 Hoc
372 1995 484 2062 retine
504 1993 652 2065 verbum
676 1994 847 2084 :Frangit
867 1994 961 2062 Deus
980 2016 1086 2063 omne
1106 1995 1307 2087 superbum.

277 2235 346 2303 Vas
365 2233 498 2302 foedum
515 2234 709 2323 corrumpit
727 2256 837 2325 aquas
857 2241 892 2302 et
911 2232 1051 2303 sordida
1070 2235 1206 2319 fundit;

343 2351 476 2418 Purum
493 2372 581 2440 pura
594 2348 703 2432 dabit,
725 2372 826 2417 mens
845 2372 985 2442 quoque
1006 2352 1106 2418 novit
1126 2351 1234 2420 idem.

255 2465 428 2555 Exprimit
446 2488 485 2534 cs
504 2471 673 2546 mentem,
695 2464 797 2534 docet
815 2487 854 2533 os
874 2465 968 2558 quod
989 2467 1147 2555 concipit
1167 2468 1245 2548 illu;

320 2582 448 2671 Turpia
464 2581 548 2650 dum
568 2581 737 2672 loqueris,
759 2603 906 2649 meusne
927 2579 1053 2671 pudica
1072 2587 1216 2652 manet?

253 2822 385 2911 Sperne
405 2821 499 2904 deos,
521 2821 633 2912 fugito
654 2820 821 2912 perjuria,
841 2819 985 2890 sabbata
1003 2843 1121 2904 serva3

320 2938 372 3005 Sit
387 2937 450 3004 tibi
467 2938 575 3027 patris
595 2936 721 3019 honor,
744 2938 789 3003 sit
808 2936 872 3004 tibi
888 2938 1010 3005 matris
1030 2960 1141 3005 amor.

251 3053 328 3120 Non
349 3055 397 3119 sis
417 3052 561 3133 occisor,
580 3051 751 3125 manchus,
770 3053 838 3135 fur,
861 3055 960 3120 testis
981 3053 1142 3143 iniquus,

317 3168 505 3258 Vicinique
527 3168 668 3236 thorum
689 3192 815 3259 resque
835 3175 956 3236 caveto
976 3192 1069 3237 suas.

251 3407 439 3496 Nunquam
459 3407 552 3475 bella
573 3407 686 3488 bunia,
709 3431 891 3497 uunquam
911 3407 1117 3478 discrimina
1136 3410 1274 3479 desunt.

250 3640 346 3708 Mens
367 3641 471 3722 mula,
494 3663 587 3707 mors
608 3643 716 3719 intuS,
740 3640 854 3708 malus
873 3645 984 3720 actus,
1007 3661 1100 3705 mors
1122 3642 1221 3722 foris,
1244 3666 1328 3713 usus,

317 3755 462 3839 Tumba‚
485 3756 614 3845 puello,
638 3779 736 3846 puer,
760 3757 906 3824 Lazarus
929 3757 992 3822 ista
1017 3760 1153 3823 notant.

252 3996 381 4064 Crescit
400 4019 499 4064 amor
517 3998 656 4064 nummi
676 4004 848 4088 quantum
870 3999 944 4088 ipsa
964 4000 1112 4089 pec-unia
1133 4002 1268 4068 crescit.

252 4228 328 4295 Non
349 4228 529 4319 proprium
551 4227 824 4318 quicquamst,
848 4237 946 4319 pacto
962 4231 1055 4320 quod
1076 4230 1273 4307 mobiliore,

251 4344 353 4410 Nunc
373 4366 486 4434 prece,
505 4367 599 4412 nunc
615 4346 739 4435 pretia,
762 4369 856 4414 nunc
876 4347 924 4429 vi,
942 4370 1036 4415 nunc
1051 4355 1164 4415 morte
1185 4364 1345 4437 suprema.

253 4459 434 4527 Permutat
453 4460 614 4528 dominos
635 4468 669 4528 et
688 4460 778 4529 cedit
798 4462 834 4528 iu
855 4462 964 4532 altera
980 4463 1073 4553 jura.

261 4629 300 4699 (t)
316 4631 385 4684 Vers
401 4630 538 4701 opplique
554 4645 608 4701 por
622 4630 718 4686 Eudes
731 4647 788 4686 oux
803 4631 929 4688 moines.
