<?xml version="1.0" encoding="UTF-8"?>
<!DOCTYPE html PUBLIC "-//W3C//DTD XHTML 1.0 Transitional//EN"
    "http://www.w3.org/TR/xhtml1/DTD/xhtml1-transitional.dtd">
<html xmlns="http://www.w3.org/1999/xhtml" xml:lang="en" lang="en">
 <head>
  <title>
</title>
<meta http-equiv="Content-Type" content="text/html;charset=utf-8" />
  <meta name='ocr-system' content='tesseract 3.04.00' />
  <meta name='ocr-capabilities' content='ocr_page ocr_carea ocr_par ocr_line ocrx_word'/>
</head>
<body>
  <div class='ocr_page' id='page_1' title='image "./lesfabulistesla00hervgoog_0425.png"; bbox 0 0 3270 5626; ppageno 0'>
   <div class='ocr_carea' id='block_1_1' title="bbox 618 482 1431 540">
    <p class='ocr_par' dir='ltr' id='par_1_1' title="bbox 618 482 1431 540">
     <span class='ocr_line' id='line_1_1' title="bbox 618 482 1431 540; baseline 0.01 -8"><span class='ocrx_word' id='word_1_1' title='bbox 618 482 852 536; x_wconf 75' lang='lat' dir='ltr'>cottsscrto</span> <span class='ocrx_word' id='word_1_2' title='bbox 878 483 1040 537; x_wconf 80' lang='lat' dir='ltr'>TERTlA.</span> <span class='ocrx_word' id='word_1_3' title='bbox 1385 492 1431 540; x_wconf 81' lang='lat' dir='ltr'>tra</span> 
     </span>
    </p>
   </div>
   <div class='ocr_carea' id='block_1_2' title="bbox 225 625 1431 1529">
    <p class='ocr_par' dir='ltr' id='par_1_2' title="bbox 225 625 1431 1272">
     <span class='ocr_line' id='line_1_2' title="bbox 226 625 1431 717; baseline 0.007 -25"><span class='ocrx_word' id='word_1_4' title='bbox 226 648 296 692; x_wconf 88' lang='lat' dir='ltr'>eas.</span> <span class='ocrx_word' id='word_1_5' title='bbox 322 625 427 692; x_wconf 83' lang='lat' dir='ltr'>Venit</span> <span class='ocrx_word' id='word_1_6' title='bbox 446 626 552 693; x_wconf 92' lang='lat' dir='ltr'>etiam</span> <span class='ocrx_word' id='word_1_7' title='bbox 577 625 709 717; x_wconf 81' lang='lat' dir='ltr'><strong>Vulpes</strong></span> <span class='ocrx_word' id='word_1_8' title='bbox 735 627 778 695; x_wconf 95' lang='lat' dir='ltr'>ad</span> <span class='ocrx_word' id='word_1_9' title='bbox 806 628 1023 697; x_wconf 89' lang='lat' dir='ltr'>visitandum</span> <span class='ocrx_word' id='word_1_10' title='bbox 1050 651 1144 711; x_wconf 90' lang='lat' dir='ltr'>eum,</span> <span class='ocrx_word' id='word_1_11' title='bbox 1167 637 1264 698; x_wconf 89' lang='lat' dir='ltr'>stans</span> <span class='ocrx_word' id='word_1_12' title='bbox 1283 629 1325 699; x_wconf 92' lang='lat' dir='ltr'>de</span> <span class='ocrx_word' id='word_1_13' title='bbox 1345 633 1431 700; x_wconf 86' lang='lat' dir='ltr'>foris</span> 
     </span>
     <span class='ocr_line' id='line_1_3' title="bbox 226 741 1429 840; baseline 0.007 -31"><span class='ocrx_word' id='word_1_14' title='bbox 226 748 307 809; x_wconf 87' lang='lat' dir='ltr'>ante</span> <span class='ocrx_word' id='word_1_15' title='bbox 333 748 478 831; x_wconf 88' lang='lat' dir='ltr'>portam.</span> <span class='ocrx_word' id='word_1_16' title='bbox 501 741 564 809; x_wconf 88' lang='lat' dir='ltr'>Cui</span> <span class='ocrx_word' id='word_1_17' title='bbox 584 741 674 811; x_wconf 80' lang='lat' dir='ltr'><strong>dixit</strong></span> <span class='ocrx_word' id='word_1_18' title='bbox 695 744 763 811; x_wconf 88' lang='lat' dir='ltr'>Leo</span> <span class='ocrx_word' id='word_1_19' title='bbox 786 744 905 812; x_wconf 90' lang='lat' dir='ltr'>:Veni</span> <span class='ocrx_word' id='word_1_20' title='bbox 929 745 1010 826; x_wconf 91' lang='lat' dir='ltr'>huc,</span> <span class='ocrx_word' id='word_1_21' title='bbox 1037 766 1137 812; x_wconf 92' lang='lat' dir='ltr'>soror</span> <span class='ocrx_word' id='word_1_22' title='bbox 1163 757 1253 829; x_wconf 84' lang='lat' dir='ltr'>mea,</span> <span class='ocrx_word' id='word_1_23' title='bbox 1272 755 1313 816; x_wconf 89' lang='lat' dir='ltr'>ut</span> <span class='ocrx_word' id='word_1_24' title='bbox 1333 756 1429 840; x_wconf 88' lang='lat' dir='ltr'>grata</span> 
     </span>
     <span class='ocr_line' id='line_1_4' title="bbox 226 857 1431 954; baseline 0.007 -31"><span class='ocrx_word' id='word_1_25' title='bbox 226 863 342 925; x_wconf 87' lang='lat' dir='ltr'>tecum</span> <span class='ocrx_word' id='word_1_26' title='bbox 367 858 498 947; x_wconf 92' lang='lat' dir='ltr'>possim</span> <span class='ocrx_word' id='word_1_27' title='bbox 522 857 667 927; x_wconf 89' lang='lat' dir='ltr'>miscere</span> <span class='ocrx_word' id='word_1_28' title='bbox 688 859 875 950; x_wconf 88' lang='lat' dir='ltr'>colloquia.</span> <span class='ocrx_word' id='word_1_29' title='bbox 898 858 1090 949; x_wconf 84' lang='lat' dir='ltr'>Respondit</span> <span class='ocrx_word' id='word_1_30' title='bbox 1114 859 1272 950; x_wconf 82' lang='lat' dir='ltr'>Vulpes:</span> <span class='ocrx_word' id='word_1_31' title='bbox 1294 862 1431 954; x_wconf 90' lang='lat' dir='ltr'>Nequa-</span> 
     </span>
     <span class='ocr_line' id='line_1_5' title="bbox 226 971 1430 1070; baseline 0.007 -30"><span class='ocrx_word' id='word_1_32' title='bbox 226 995 346 1063; x_wconf 83' lang='lat' dir='ltr'>quam,</span> <span class='ocrx_word' id='word_1_33' title='bbox 372 971 527 1041; x_wconf 90' lang='lat' dir='ltr'>domine.</span> <span class='ocrx_word' id='word_1_34' title='bbox 549 973 685 1054; x_wconf 76' lang='lat' dir='ltr'>Quare?</span> <span class='ocrx_word' id='word_1_35' title='bbox 704 976 822 1066; x_wconf 90' lang='lat' dir='ltr'>inquit</span> <span class='ocrx_word' id='word_1_36' title='bbox 844 976 923 1044; x_wconf 90' lang='lat' dir='ltr'>Leo.</span> <span class='ocrx_word' id='word_1_37' title='bbox 945 974 1008 1043; x_wconf 88' lang='lat' dir='ltr'>Cui</span> <span class='ocrx_word' id='word_1_38' title='bbox 1033 975 1165 1065; x_wconf 79' lang='lat' dir='ltr'>Vulpes</span> <span class='ocrx_word' id='word_1_39' title='bbox 1187 997 1195 1044; x_wconf 73' lang='grc' dir='ltr'>ε</span> <span class='ocrx_word' id='word_1_40' title='bbox 1221 976 1329 1046; x_wconf 91' lang='lat' dir='ltr'>Video</span> <span class='ocrx_word' id='word_1_41' title='bbox 1351 981 1430 1070; x_wconf 90' lang='lat' dir='ltr'>qui-</span> 
     </span>
     <span class='ocr_line' id='line_1_6' title="bbox 225 1087 1430 1183; baseline 0.004 -27"><span class='ocrx_word' id='word_1_42' title='bbox 225 1087 306 1157; x_wconf 89' lang='lat' dir='ltr'>dem</span> <span class='ocrx_word' id='word_1_43' title='bbox 335 1089 544 1156; x_wconf 76' lang='lat' dir='ltr'>intrantium</span> <span class='ocrx_word' id='word_1_44' title='bbox 566 1091 727 1180; x_wconf 90' lang='lat' dir='ltr'>vestigia,</span> <span class='ocrx_word' id='word_1_45' title='bbox 749 1089 809 1159; x_wconf 88' lang='lat' dir='ltr'>sed</span> <span class='ocrx_word' id='word_1_46' title='bbox 832 1089 1056 1159; x_wconf 85' lang='lat' dir='ltr'>redeuntium</span> <span class='ocrx_word' id='word_1_47' title='bbox 1083 1091 1183 1159; x_wconf 90' lang='lat' dir='ltr'>nulla</span> <span class='ocrx_word' id='word_1_48' title='bbox 1206 1115 1350 1183; x_wconf 90' lang='lat' dir='ltr'>possum</span> <span class='ocrx_word' id='word_1_49' title='bbox 1375 1095 1430 1161; x_wconf 94' lang='lat' dir='ltr'>in-</span> 
     </span>
     <span class='ocr_line' id='line_1_7' title="bbox 226 1206 331 1272; baseline -0.019 0"><span class='ocrx_word' id='word_1_50' title='bbox 226 1206 331 1272; x_wconf 91' lang='lat' dir='ltr'>tueri.</span> 
     </span>
    </p>

    <p class='ocr_par' dir='ltr' id='par_1_3' title="bbox 226 1320 1426 1529">
     <span class='ocr_line' id='line_1_8' title="bbox 290 1320 1426 1415; baseline 0.005 -27"><span class='ocrx_word' id='word_1_51' title='bbox 290 1320 501 1410; x_wconf 85' lang='lat' dir='ltr'>Exemplum</span> <span class='ocrx_word' id='word_1_52' title='bbox 521 1321 703 1411; x_wconf 63' lang='lat' dir='ltr'>sapientis</span> <span class='ocrx_word' id='word_1_53' title='bbox 720 1323 781 1412; x_wconf 93' lang='lat' dir='ltr'>qui</span> <span class='ocrx_word' id='word_1_54' title='bbox 798 1323 887 1391; x_wconf 91' lang='lat' dir='ltr'>bene</span> <span class='ocrx_word' id='word_1_55' title='bbox 903 1347 967 1391; x_wconf 92' lang='lat' dir='ltr'>sua</span> <span class='ocrx_word' id='word_1_56' title='bbox 981 1324 1046 1391; x_wconf 92' lang='lat' dir='ltr'>scit</span> <span class='ocrx_word' id='word_1_57' title='bbox 1066 1322 1252 1414; x_wconf 86' lang='lat' dir='ltr'>disponere</span> <span class='ocrx_word' id='word_1_58' title='bbox 1268 1325 1426 1415; x_wconf 89' lang='lat' dir='ltr'>negocia.</span> 
     </span>
     <span class='ocr_line' id='line_1_9' title="bbox 226 1436 1158 1529; baseline 0.002 -25"><span class='ocrx_word' id='word_1_59' title='bbox 226 1436 276 1505; x_wconf 83' lang='lat' dir='ltr'>lta</span> <span class='ocrx_word' id='word_1_60' title='bbox 291 1437 410 1519; x_wconf 87' lang='lat' dir='ltr'>etiam,</span> <span class='ocrx_word' id='word_1_61' title='bbox 428 1437 488 1527; x_wconf 94' lang='lat' dir='ltr'>qui</span> <span class='ocrx_word' id='word_1_62' title='bbox 506 1437 615 1505; x_wconf 90' lang='lat' dir='ltr'>intrat</span> <span class='ocrx_word' id='word_1_63' title='bbox 630 1439 810 1507; x_wconf 85' lang='lat' dir='ltr'>infernum</span> <span class='ocrx_word' id='word_1_64' title='bbox 826 1461 1020 1529; x_wconf 82' lang='lat' dir='ltr'>numquam</span> <span class='ocrx_word' id='word_1_65' title='bbox 1037 1438 1158 1507; x_wconf 85' lang='lat' dir='ltr'>exibit.</span> 
     </span>
    </p>
   </div>
   <div class='ocr_carea' id='block_1_3' title="bbox 296 1687 1356 1858">
    <p class='ocr_par' dir='ltr' id='par_1_4' title="bbox 296 1687 1356 1858">
     <span class='ocr_line' id='line_1_10' title="bbox 296 1687 1356 1760; baseline 0.003 -18"><span class='ocrx_word' id='word_1_66' title='bbox 296 1688 368 1742; x_wconf 80' lang='lat' dir='ltr'>xix</span> <span class='ocrx_word' id='word_1_67' title='bbox 392 1687 497 1760; x_wconf 72' lang='lat' dir='ltr'>(nvi).</span> <span class='ocrx_word' id='word_1_68' title='bbox 517 1717 553 1728; x_wconf 91' lang='lat'><em>-</em></span> <span class='ocrx_word' id='word_1_69' title='bbox 572 1688 622 1743; x_wconf 83' lang='lat' dir='ltr'>na</span> <span class='ocrx_word' id='word_1_70' title='bbox 649 1688 770 1745; x_wconf 78' lang='lat' dir='ltr'>asino</span> <span class='ocrx_word' id='word_1_71' title='bbox 798 1687 966 1760; x_wconf 75' lang='lat' dir='ltr'>[onusro</span> <span class='ocrx_word' id='word_1_72' title='bbox 996 1688 1097 1744; x_wconf 77' lang='lat' dir='ltr'>saun</span> <span class='ocrx_word' id='word_1_73' title='bbox 1126 1690 1174 1744; x_wconf 85' lang='lat' dir='ltr'>nr</span> <span class='ocrx_word' id='word_1_74' title='bbox 1201 1689 1356 1746; x_wconf 76' lang='lat' dir='ltr'>rosana</span> 
     </span>
     <span class='ocr_line' id='line_1_11' title="bbox 724 1786 927 1858; baseline 0 -17"><span class='ocrx_word' id='word_1_75' title='bbox 724 1786 927 1858; x_wconf 61' lang='lat' dir='ltr'>senuerat.</span> 
     </span>
    </p>
   </div>
   <div class='ocr_carea' id='block_1_4' title="bbox 221 1962 1426 2401">
    <p class='ocr_par' dir='ltr' id='par_1_5' title="bbox 221 1962 1426 2401">
     <span class='ocr_line' id='line_1_12' title="bbox 291 1962 1424 2055; baseline 0.001 -24"><span class='ocrx_word' id='word_1_76' title='bbox 291 1964 422 2031; x_wconf 80' lang='lat' dir='ltr'>Asinus</span> <span class='ocrx_word' id='word_1_77' title='bbox 443 1962 514 2031; x_wconf 92' lang='lat' dir='ltr'>sale</span> <span class='ocrx_word' id='word_1_78' title='bbox 538 1969 686 2031; x_wconf 88' lang='lat' dir='ltr'>onustus</span> <span class='ocrx_word' id='word_1_79' title='bbox 711 1962 905 2045; x_wconf 81' lang='lat' dir='ltr'>incedebat,</span> <span class='ocrx_word' id='word_1_80' title='bbox 929 1969 974 2044; x_wconf 87' lang='lat' dir='ltr'>et,</span> <span class='ocrx_word' id='word_1_81' title='bbox 1001 1965 1176 2032; x_wconf 88' lang='lat' dir='ltr'>transiens</span> <span class='ocrx_word' id='word_1_82' title='bbox 1200 1987 1262 2055; x_wconf 92' lang='lat' dir='ltr'>per</span> <span class='ocrx_word' id='word_1_83' title='bbox 1283 1986 1424 2055; x_wconf 89' lang='lat' dir='ltr'>aquam,</span> 
     </span>
     <span class='ocr_line' id='line_1_13' title="bbox 224 2077 1426 2169; baseline 0.001 -22"><span class='ocrx_word' id='word_1_84' title='bbox 224 2080 357 2148; x_wconf 82' lang='lat' dir='ltr'>offenso</span> <span class='ocrx_word' id='word_1_85' title='bbox 376 2078 463 2169; x_wconf 91' lang='lat' dir='ltr'>pede</span> <span class='ocrx_word' id='word_1_86' title='bbox 478 2079 622 2161; x_wconf 89' lang='lat' dir='ltr'>corruit,</span> <span class='ocrx_word' id='word_1_87' title='bbox 641 2085 675 2147; x_wconf 91' lang='lat' dir='ltr'>et</span> <span class='ocrx_word' id='word_1_88' title='bbox 689 2077 865 2169; x_wconf 93' lang='lat' dir='ltr'>liquidum</span> <span class='ocrx_word' id='word_1_89' title='bbox 885 2080 1018 2147; x_wconf 85' lang='lat' dir='ltr'>facturn</span> <span class='ocrx_word' id='word_1_90' title='bbox 1037 2086 1090 2148; x_wconf 90' lang='lat' dir='ltr'>est</span> <span class='ocrx_word' id='word_1_91' title='bbox 1105 2080 1168 2147; x_wconf 91' lang='lat' dir='ltr'>sal.</span> <span class='ocrx_word' id='word_1_92' title='bbox 1186 2080 1330 2163; x_wconf 85' lang='lat' dir='ltr'>Asinus,</span> <span class='ocrx_word' id='word_1_93' title='bbox 1348 2082 1426 2148; x_wconf 87' lang='lat' dir='ltr'>sen-</span> 
     </span>
     <span class='ocr_line' id='line_1_14' title="bbox 225 2193 1422 2286; baseline 0 -24"><span class='ocrx_word' id='word_1_94' title='bbox 225 2197 316 2263; x_wconf 90' lang='lat' dir='ltr'>tiens</span> <span class='ocrx_word' id='word_1_95' title='bbox 335 2217 372 2262; x_wconf 94' lang='lat' dir='ltr'>se</span> <span class='ocrx_word' id='word_1_96' title='bbox 397 2200 637 2276; x_wconf 84' lang='lat' dir='ltr'>exoneratum,</span> <span class='ocrx_word' id='word_1_97' title='bbox 665 2197 806 2286; x_wconf 88' lang='lat' dir='ltr'>gavisus</span> <span class='ocrx_word' id='word_1_98' title='bbox 826 2201 879 2262; x_wconf 90' lang='lat' dir='ltr'>est</span> <span class='ocrx_word' id='word_1_99' title='bbox 904 2193 1016 2277; x_wconf 83' lang='lat' dir='ltr'>valde,</span> <span class='ocrx_word' id='word_1_100' title='bbox 1043 2200 1078 2262; x_wconf 90' lang='lat' dir='ltr'>et</span> <span class='ocrx_word' id='word_1_101' title='bbox 1099 2194 1173 2263; x_wconf 92' lang='lat' dir='ltr'>ibat</span> <span class='ocrx_word' id='word_1_102' title='bbox 1195 2196 1290 2263; x_wconf 89' lang='lat' dir='ltr'>viam</span> <span class='ocrx_word' id='word_1_103' title='bbox 1309 2217 1422 2263; x_wconf 89' lang='lat' dir='ltr'>suam.</span> 
     </span>
     <span class='ocr_line' id='line_1_15' title="bbox 221 2308 1426 2401; baseline -0.002 -21"><span class='ocrx_word' id='word_1_104' title='bbox 221 2311 298 2380; x_wconf 85' lang='lat' dir='ltr'>Non</span> <span class='ocrx_word' id='word_1_105' title='bbox 322 2310 436 2379; x_wconf 91' lang='lat' dir='ltr'>multo</span> <span class='ocrx_word' id='word_1_106' title='bbox 457 2317 534 2400; x_wconf 89' lang='lat' dir='ltr'>post</span> <span class='ocrx_word' id='word_1_107' title='bbox 553 2309 725 2378; x_wconf 90' lang='lat' dir='ltr'>honustus</span> <span class='ocrx_word' id='word_1_108' title='bbox 749 2317 802 2378; x_wconf 90' lang='lat' dir='ltr'>est</span> <span class='ocrx_word' id='word_1_109' title='bbox 821 2311 980 2401; x_wconf 85' lang='lat' dir='ltr'>spongia,</span> <span class='ocrx_word' id='word_1_110' title='bbox 998 2317 1044 2391; x_wconf 92' lang='lat' dir='ltr'>et,</span> <span class='ocrx_word' id='word_1_111' title='bbox 1066 2308 1152 2378; x_wconf 92' lang='lat' dir='ltr'>dum</span> <span class='ocrx_word' id='word_1_112' title='bbox 1175 2312 1343 2379; x_wconf 84' lang='lat' dir='ltr'>transiret</span> <span class='ocrx_word' id='word_1_113' title='bbox 1363 2333 1426 2401; x_wconf 92' lang='lat' dir='ltr'>per</span> 
     </span>
    </p>
   </div>
   <div class='ocr_carea' id='block_1_5' title="bbox 221 2424 1540 2518">
    <p class='ocr_par' dir='ltr' id='par_1_6' title="bbox 221 2424 1540 2518">
     <span class='ocr_line' id='line_1_16' title="bbox 221 2424 1540 2518; baseline -0.003 -23"><span class='ocrx_word' id='word_1_114' title='bbox 221 2449 361 2518; x_wconf 87' lang='lat' dir='ltr'>aquam,</span> <span class='ocrx_word' id='word_1_115' title='bbox 378 2426 515 2509; x_wconf 91' lang='lat' dir='ltr'>cecidit,</span> <span class='ocrx_word' id='word_1_116' title='bbox 536 2427 670 2493; x_wconf 86' lang='lat' dir='ltr'>ollenso</span> <span class='ocrx_word' id='word_1_117' title='bbox 685 2425 783 2516; x_wconf 90' lang='lat' dir='ltr'>pede.</span> <span class='ocrx_word' id='word_1_118' title='bbox 802 2425 855 2508; x_wconf 89' lang='lat' dir='ltr'>Et,</span> <span class='ocrx_word' id='word_1_119' title='bbox 873 2424 957 2492; x_wconf 90' lang='lat' dir='ltr'>dum</span> <span class='ocrx_word' id='word_1_120' title='bbox 970 2427 1117 2517; x_wconf 87' lang='lat' dir='ltr'>spongia</span> <span class='ocrx_word' id='word_1_121' title='bbox 1130 2448 1259 2517; x_wconf 86' lang='lat' dir='ltr'>aquarn</span> <span class='ocrx_word' id='word_1_122' title='bbox 1274 2426 1424 2495; x_wconf 90' lang='lat' dir='ltr'>multam</span> <span class='ocrx_word' id='word_1_123' title='bbox 1539 2487 1540 2491; x_wconf 73' lang='grc'>,</span> 
     </span>
    </p>
   </div>
   <div class='ocr_carea' id='block_1_6' title="bbox 219 2541 1424 2748">
    <p class='ocr_par' dir='ltr' id='par_1_7' title="bbox 219 2541 1424 2748">
     <span class='ocr_line' id='line_1_17' title="bbox 219 2541 1377 2631; baseline 0.001 -21"><span class='ocrx_word' id='word_1_124' title='bbox 219 2542 424 2625; x_wconf 89' lang='lat' dir='ltr'>sorbuisset,</span> <span class='ocrx_word' id='word_1_125' title='bbox 446 2542 577 2609; x_wconf 80' lang='lat' dir='ltr'>Asinus</span> <span class='ocrx_word' id='word_1_126' title='bbox 597 2541 645 2610; x_wconf 90' lang='lat' dir='ltr'>ita</span> <span class='ocrx_word' id='word_1_127' title='bbox 664 2541 839 2609; x_wconf 84' lang='lat' dir='ltr'>honustus</span> <span class='ocrx_word' id='word_1_128' title='bbox 855 2549 920 2623; x_wconf 90' lang='lat' dir='ltr'>est,</span> <span class='ocrx_word' id='word_1_129' title='bbox 939 2548 977 2609; x_wconf 90' lang='lat' dir='ltr'>ut</span> <span class='ocrx_word' id='word_1_130' title='bbox 994 2542 1053 2610; x_wconf 90' lang='lat' dir='ltr'>vix</span> <span class='ocrx_word' id='word_1_131' title='bbox 1068 2549 1184 2631; x_wconf 89' lang='lat' dir='ltr'>posset</span> <span class='ocrx_word' id='word_1_132' title='bbox 1203 2541 1377 2611; x_wconf 89' lang='lat' dir='ltr'>incedere.</span> 
     </span>
     <span class='ocr_line' id='line_1_18' title="bbox 285 2657 1424 2748; baseline 0 -23"><span class='ocrx_word' id='word_1_133' title='bbox 285 2658 495 2747; x_wconf 86' lang='lat' dir='ltr'>Exemplum</span> <span class='ocrx_word' id='word_1_134' title='bbox 515 2657 672 2739; x_wconf 89' lang='lat' dir='ltr'>illorum,</span> <span class='ocrx_word' id='word_1_135' title='bbox 694 2659 755 2748; x_wconf 89' lang='lat' dir='ltr'>qui</span> <span class='ocrx_word' id='word_1_136' title='bbox 776 2657 930 2726; x_wconf 88' lang='lat' dir='ltr'>letantur</span> <span class='ocrx_word' id='word_1_137' title='bbox 950 2659 988 2725; x_wconf 92' lang='lat' dir='ltr'>in</span> <span class='ocrx_word' id='word_1_138' title='bbox 1008 2659 1198 2747; x_wconf 88' lang='lat' dir='ltr'>prosperis,</span> <span class='ocrx_word' id='word_1_139' title='bbox 1214 2657 1251 2725; x_wconf 91' lang='lat' dir='ltr'>in</span> <span class='ocrx_word' id='word_1_140' title='bbox 1266 2657 1424 2727; x_wconf 86' lang='lat' dir='ltr'>adversis</span> 
     </span>
    </p>
   </div>
   <div class='ocr_carea' id='block_1_7' title="bbox 219 2772 1042 2864">
    <p class='ocr_par' dir='ltr' id='par_1_8' title="bbox 219 2772 1042 2864">
     <span class='ocr_line' id='line_1_19' title="bbox 219 2772 1042 2864; baseline 0.001 -25"><span class='ocrx_word' id='word_1_141' title='bbox 219 2796 303 2841; x_wconf 81' lang='lat' dir='ltr'>rero</span> <span class='ocrx_word' id='word_1_142' title='bbox 323 2775 528 2864; x_wconf 88' lang='lat' dir='ltr'>patientiam</span> <span class='ocrx_word' id='word_1_143' title='bbox 549 2775 784 2842; x_wconf 89' lang='lat' dir='ltr'>necessariam</span> <span class='ocrx_word' id='word_1_144' title='bbox 809 2796 880 2841; x_wconf 93' lang='lat' dir='ltr'>non</span> <span class='ocrx_word' id='word_1_145' title='bbox 896 2772 1042 2841; x_wconf 90' lang='lat' dir='ltr'>habent.</span> 
     </span>
    </p>
   </div>
   <div class='ocr_carea' id='block_1_8' title="bbox 381 3022 1261 3095">
    <p class='ocr_par' dir='ltr' id='par_1_9' title="bbox 381 3022 1261 3095">
     <span class='ocr_line' id='line_1_20' title="bbox 381 3022 1261 3095; baseline 0 -18"><span class='ocrx_word' id='word_1_146' title='bbox 381 3023 431 3077; x_wconf 79' lang='lat' dir='ltr'>XX</span> <span class='ocrx_word' id='word_1_147' title='bbox 460 3023 586 3095; x_wconf 82' lang='lat' dir='ltr'>(LVII).</span> <span class='ocrx_word' id='word_1_148' title='bbox 612 3054 647 3063; x_wconf 96' lang='lat'>—</span> <span class='ocrx_word' id='word_1_149' title='bbox 671 3023 721 3078; x_wconf 87' lang='lat' dir='ltr'>DE</span> <span class='ocrx_word' id='word_1_150' title='bbox 750 3024 872 3079; x_wconf 70' lang='lat' dir='ltr'>astte</span> <span class='ocrx_word' id='word_1_151' title='bbox 900 3023 960 3094; x_wconf 66' lang='lat' dir='ltr'>[ET</span> <span class='ocrx_word' id='word_1_152' title='bbox 990 3022 1261 3094; x_wconf 65' lang='lat' dir='ltr'>nemotollet</span> 
     </span>
    </p>
   </div>
   <div class='ocr_carea' id='block_1_9' title="bbox 213 3199 1422 3868">
    <p class='ocr_par' dir='ltr' id='par_1_10' title="bbox 213 3199 1422 3637">
     <span class='ocr_line' id='line_1_21' title="bbox 283 3199 1422 3292; baseline -0.002 -22"><span class='ocrx_word' id='word_1_153' title='bbox 283 3201 476 3270; x_wconf 84' lang='lat' dir='ltr'>Cuiusdum</span> <span class='ocrx_word' id='word_1_154' title='bbox 510 3201 671 3270; x_wconf 88' lang='lat' dir='ltr'>Ortulani</span> <span class='ocrx_word' id='word_1_155' title='bbox 711 3201 843 3269; x_wconf 88' lang='lat' dir='ltr'>Asinus</span> <span class='ocrx_word' id='word_1_156' title='bbox 878 3200 1158 3292; x_wconf 85' lang='lat' dir='ltr'>conquerebatur</span> <span class='ocrx_word' id='word_1_157' title='bbox 1189 3223 1252 3292; x_wconf 92' lang='lat' dir='ltr'>pro</span> <span class='ocrx_word' id='word_1_158' title='bbox 1282 3199 1422 3270; x_wconf 87' lang='lat' dir='ltr'>assiduo</span> 
     </span>
     <span class='ocr_line' id='line_1_22' title="bbox 216 3315 1420 3407; baseline 0.001 -23"><span class='ocrx_word' id='word_1_159' title='bbox 216 3317 349 3398; x_wconf 91' lang='lat' dir='ltr'>labore,</span> <span class='ocrx_word' id='word_1_160' title='bbox 374 3315 494 3385; x_wconf 92' lang='lat' dir='ltr'>dicens</span> <span class='ocrx_word' id='word_1_161' title='bbox 519 3316 587 3385; x_wconf 93' lang='lat' dir='ltr'>sibi</span> <span class='ocrx_word' id='word_1_162' title='bbox 616 3318 817 3392; x_wconf 75' lang='lat' dir='ltr'>iniu&#39;rianti.</span> <span class='ocrx_word' id='word_1_163' title='bbox 843 3316 940 3398; x_wconf 82' lang='lat' dir='ltr'>Quod</span> <span class='ocrx_word' id='word_1_164' title='bbox 961 3315 1109 3385; x_wconf 88' lang='lat' dir='ltr'>audiens</span> <span class='ocrx_word' id='word_1_165' title='bbox 1133 3317 1320 3385; x_wconf 86' lang='lat' dir='ltr'>Ortolanus</span> <span class='ocrx_word' id='word_1_166' title='bbox 1346 3317 1420 3407; x_wconf 81' lang='lat' dir='ltr'>(sic)</span> 
     </span>
     <span class='ocr_line' id='line_1_23' title="bbox 214 3430 1422 3515; baseline 0.001 -17"><span class='ocrx_word' id='word_1_167' title='bbox 214 3431 371 3500; x_wconf 86' lang='lat' dir='ltr'>vendidit</span> <span class='ocrx_word' id='word_1_168' title='bbox 395 3454 476 3500; x_wconf 93' lang='lat' dir='ltr'>eum</span> <span class='ocrx_word' id='word_1_169' title='bbox 511 3431 780 3499; x_wconf 86' lang='lat' dir='ltr'>molendinario.</span> <span class='ocrx_word' id='word_1_170' title='bbox 808 3432 851 3499; x_wconf 90' lang='lat' dir='ltr'>Et</span> <span class='ocrx_word' id='word_1_171' title='bbox 881 3438 982 3499; x_wconf 89' lang='lat' dir='ltr'>nocte</span> <span class='ocrx_word' id='word_1_172' title='bbox 1011 3455 1050 3500; x_wconf 85' lang='lat' dir='ltr'>ac</span> <span class='ocrx_word' id='word_1_173' title='bbox 1079 3431 1135 3500; x_wconf 91' lang='lat' dir='ltr'>die</span> <span class='ocrx_word' id='word_1_174' title='bbox 1161 3430 1359 3515; x_wconf 87' lang='lat' dir='ltr'>laborabat,</span> <span class='ocrx_word' id='word_1_175' title='bbox 1388 3438 1422 3499; x_wconf 89' lang='lat' dir='ltr'>et</span> 
     </span>
     <span class='ocr_line' id='line_1_24' title="bbox 213 3546 988 3637; baseline -0.003 -22"><span class='ocrx_word' id='word_1_176' title='bbox 213 3549 306 3616; x_wconf 83' lang='lat' dir='ltr'>faeta</span> <span class='ocrx_word' id='word_1_177' title='bbox 325 3554 406 3615; x_wconf 90' lang='lat' dir='ltr'>sunt</span> <span class='ocrx_word' id='word_1_178' title='bbox 428 3548 529 3615; x_wconf 89' lang='lat' dir='ltr'>Asini</span> <span class='ocrx_word' id='word_1_179' title='bbox 546 3548 641 3637; x_wconf 83' lang='lat' dir='ltr'>[lata]</span> <span class='ocrx_word' id='word_1_180' title='bbox 658 3548 779 3637; x_wconf 89' lang='lat' dir='ltr'>peiora</span> <span class='ocrx_word' id='word_1_181' title='bbox 798 3546 988 3637; x_wconf 89' lang='lat' dir='ltr'>prioribus.</span> 
     </span>
    </p>

    <p class='ocr_par' dir='ltr' id='par_1_11' title="bbox 216 3662 1420 3868">
     <span class='ocr_line' id='line_1_25' title="bbox 285 3662 1420 3754; baseline 0 -25"><span class='ocrx_word' id='word_1_182' title='bbox 285 3663 493 3753; x_wconf 79' lang='lat' dir='ltr'>Exemplum</span> <span class='ocrx_word' id='word_1_183' title='bbox 515 3663 624 3744; x_wconf 89' lang='lat' dir='ltr'>illius,</span> <span class='ocrx_word' id='word_1_184' title='bbox 647 3664 707 3754; x_wconf 92' lang='lat' dir='ltr'>qui</span> <span class='ocrx_word' id='word_1_185' title='bbox 730 3664 959 3753; x_wconf 84' lang='lat' dir='ltr'>conqueritur</span> <span class='ocrx_word' id='word_1_186' title='bbox 978 3662 1020 3731; x_wconf 94' lang='lat' dir='ltr'>de</span> <span class='ocrx_word' id='word_1_187' title='bbox 1040 3664 1188 3732; x_wconf 89' lang='lat' dir='ltr'>servicio</span> <span class='ocrx_word' id='word_1_188' title='bbox 1209 3662 1344 3729; x_wconf 89' lang='lat' dir='ltr'>domini</span> <span class='ocrx_word' id='word_1_189' title='bbox 1365 3662 1420 3729; x_wconf 92' lang='lat' dir='ltr'>sui</span> 
     </span>
     <span class='ocr_line' id='line_1_26' title="bbox 216 3778 788 3868; baseline -0.003 -22"><span class='ocrx_word' id='word_1_190' title='bbox 216 3785 251 3846; x_wconf 90' lang='lat' dir='ltr'>et</span> <span class='ocrx_word' id='word_1_191' title='bbox 266 3778 419 3861; x_wconf 76' lang='lat' dir='ltr'>forsitan</span> <span class='ocrx_word' id='word_1_192' title='bbox 431 3779 562 3847; x_wconf 90' lang='lat' dir='ltr'>incidet</span> <span class='ocrx_word' id='word_1_193' title='bbox 577 3779 613 3845; x_wconf 92' lang='lat' dir='ltr'>in</span> <span class='ocrx_word' id='word_1_194' title='bbox 633 3779 788 3868; x_wconf 81' lang='lat' dir='ltr'>gravius.</span> 
     </span>
    </p>
   </div>
   <div class='ocr_carea' id='block_1_10' title="bbox 364 4028 1276 4099">
    <p class='ocr_par' dir='ltr' id='par_1_12' title="bbox 364 4028 1276 4099">
     <span class='ocr_line' id='line_1_27' title="bbox 364 4028 1276 4099; baseline -0.001 -17"><span class='ocrx_word' id='word_1_195' title='bbox 364 4029 432 4082; x_wconf 80' lang='lat' dir='ltr'>xxt</span> <span class='ocrx_word' id='word_1_196' title='bbox 458 4029 660 4099; x_wconf 82' lang='lat' dir='ltr'>(t.vt11).-</span> <span class='ocrx_word' id='word_1_197' title='bbox 685 4029 735 4083; x_wconf 86' lang='lat' dir='ltr'>DE</span> <span class='ocrx_word' id='word_1_198' title='bbox 767 4028 992 4084; x_wconf 75' lang='lat' dir='ltr'>LEPOlllBUS</span> <span class='ocrx_word' id='word_1_199' title='bbox 1022 4029 1070 4084; x_wconf 87' lang='lat' dir='ltr'>ET</span> <span class='ocrx_word' id='word_1_200' title='bbox 1099 4028 1276 4095; x_wconf 73' lang='lat' dir='ltr'>thttms.</span> 
     </span>
    </p>
   </div>
   <div class='ocr_carea' id='block_1_11' title="bbox 212 4205 1420 4620">
    <p class='ocr_par' dir='ltr' id='par_1_13' title="bbox 212 4205 1420 4620">
     <span class='ocr_line' id='line_1_28' title="bbox 281 4205 1418 4298; baseline 0 -26"><span class='ocrx_word' id='word_1_201' title='bbox 281 4206 420 4296; x_wconf 84' lang='lat' dir='ltr'>Aquilis</span> <span class='ocrx_word' id='word_1_202' title='bbox 451 4213 486 4274; x_wconf 91' lang='lat' dir='ltr'>et</span> <span class='ocrx_word' id='word_1_203' title='bbox 510 4206 701 4295; x_wconf 92' lang='lat' dir='ltr'>Leporibus</span> <span class='ocrx_word' id='word_1_204' title='bbox 734 4205 776 4273; x_wconf 92' lang='lat' dir='ltr'>ad</span> <span class='ocrx_word' id='word_1_205' title='bbox 807 4207 959 4274; x_wconf 83' lang='lat' dir='ltr'>invicem</span> <span class='ocrx_word' id='word_1_206' title='bbox 989 4205 1241 4298; x_wconf 85' lang='lat' dir='ltr'>pugnantibus,</span> <span class='ocrx_word' id='word_1_207' title='bbox 1269 4205 1418 4294; x_wconf 88' lang='lat' dir='ltr'>Lepores</span> 
     </span>
     <span class='ocr_line' id='line_1_29' title="bbox 213 4321 1420 4413; baseline -0.002 -24"><span class='ocrx_word' id='word_1_208' title='bbox 213 4328 444 4410; x_wconf 87' lang='lat' dir='ltr'>perrexerunt</span> <span class='ocrx_word' id='word_1_209' title='bbox 461 4321 504 4389; x_wconf 92' lang='lat' dir='ltr'>ad</span> <span class='ocrx_word' id='word_1_210' title='bbox 530 4322 673 4413; x_wconf 85' lang='lat' dir='ltr'>Vulpes,</span> <span class='ocrx_word' id='word_1_211' title='bbox 696 4327 883 4412; x_wconf 83' lang='lat' dir='ltr'>querentes</span> <span class='ocrx_word' id='word_1_212' title='bbox 906 4343 1124 4390; x_wconf 86' lang='lat' dir='ltr'>succursum.</span> <span class='ocrx_word' id='word_1_213' title='bbox 1149 4321 1281 4413; x_wconf 90' lang='lat' dir='ltr'>Vulpes</span> <span class='ocrx_word' id='word_1_214' title='bbox 1303 4321 1420 4388; x_wconf 88' lang='lat' dir='ltr'>dicen-</span> 
     </span>
     <span class='ocr_line' id='line_1_30' title="bbox 212 4436 1418 4528; baseline 0.002 -26"><span class='ocrx_word' id='word_1_215' title='bbox 212 4441 265 4503; x_wconf 90' lang='lat' dir='ltr'>tes</span> <span class='ocrx_word' id='word_1_216' title='bbox 287 4436 479 4505; x_wconf 91' lang='lat' dir='ltr'>:Libenter</span> <span class='ocrx_word' id='word_1_217' title='bbox 493 4436 592 4504; x_wconf 90' lang='lat' dir='ltr'>vobis</span> <span class='ocrx_word' id='word_1_218' title='bbox 608 4460 868 4521; x_wconf 88' lang='lat' dir='ltr'>succurremus,</span> <span class='ocrx_word' id='word_1_219' title='bbox 886 4438 915 4504; x_wconf 92' lang='lat' dir='ltr'>si</span> <span class='ocrx_word' id='word_1_220' title='bbox 936 4444 1088 4506; x_wconf 90' lang='lat' dir='ltr'>vestram</span> <span class='ocrx_word' id='word_1_221' title='bbox 1110 4438 1209 4528; x_wconf 91' lang='lat' dir='ltr'>prius</span> <span class='ocrx_word' id='word_1_222' title='bbox 1229 4458 1418 4527; x_wconf 88' lang='lat' dir='ltr'>cognoscc-</span> 
     </span>
     <span class='ocr_line' id='line_1_31' title="bbox 215 4553 551 4620; baseline -0.003 -2"><span class='ocrx_word' id='word_1_223' title='bbox 215 4572 336 4619; x_wconf 89' lang='lat' dir='ltr'>remus</span> <span class='ocrx_word' id='word_1_224' title='bbox 356 4553 551 4620; x_wconf 87' lang='lat' dir='ltr'>audaciam.</span> 
     </span>
    </p>
   </div>
   <div class='ocr_carea' id='block_1_12' title="bbox 0 0 1640 5626">
    <p class='ocr_par' dir='ltr' id='par_1_14' title="bbox 0 0 1640 5626">
     <span class='ocr_line' id='line_1_32' title="bbox 0 0 1640 5626; baseline 0 4"><span class='ocrx_word' id='word_1_225' title='bbox 0 0 1640 5626; x_wconf 95' lang='lat' dir='ltr'> </span> 
     </span>
    </p>
   </div>
  </div>
 </body>
</html>
