3270 5626
350 487 397 536 272
588 482 741 536 ouculs
768 484 818 534 DE
846 483 1056 535 cuntroue
1083 483 1329 536 PARABOLAE.

417 729 496 783 xlx.
526 758 562 768 -
590 728 640 781 DE
670 725 933 798 llOR‘lULANO,
962 726 1150 781 SATHANA
1177 727 1226 782 ΕΤ
1253 727 1409 783 MEDICO
1438 729 1487 800 (l).

418 904 564 988 Quidam
587 903 771 972 ortulanus
791 903 910 971 omnia
931 926 995 970 sua
1014 892 1234 993 expendebat
1255 911 1398 995 propter
1417 907 1551 974 uictum

351 1044 468 1091 suum.
493 1019 625 1088 Satban
652 1019 747 1086 misit
773 1020 810 1086 in
834 1018 949 1109 clb)or
975 1019 1052 1087 eius
1075 1017 1169 1110 quod
1192 1020 1319 1089 timore
1341 1021 1553 1113 egritudinis

350 1138 477 1229 aliquit
498 1135 691 1227 colligeret,
719 1140 758 1202 ut
779 1133 1003 1224 expenderet,
1028 1135 1057 1201 si
1080 1135 1170 1202 forte
1191 1142 1377 1226 egrotaret.
1405 1137 1552 1229 Collegit

350 1254 489 1345 plenam
510 1253 671 1343 lagenam
691 1248 858 1318 denariis.
875 1250 1029 1341 Contigit
1047 1249 1141 1341 quod
1156 1250 1362 1340 putrefiebat
1384 1274 1446 1343 pes
1462 1254 1548 1321 eius.

350 1366 523 1460 Quicquid
538 1366 725 1457 eollegerat
745 1367 782 1432 iu
798 1364 944 1434 medicis
960 1367 1030 1433 iam
1046 1366 1276 1457 expendebat,
1293 1373 1328 1435 et
1342 1367 1456 1437 nichil
1474 1392 1550 1459 pro-

349 1486 427 1555 luit.
446 1482 597 1552 Tandem
614 1481 769 1550 medicus
784 1480 873 1548 dixit
887 1482 970 1571 quia
984 1487 1097 1548 totum
1113 1504 1239 1572 corpus
1254 1489 1547 1574 conputresceret,

349 1602 419 1670 nisi
444 1623 504 1691 pes
531 1596 804 1666 abscinderetur.
833 1596 969 1665 Statuta
993 1595 1048 1665 die
1077 1604 1117 1665 ut
1142 1619 1203 1688 pes
1226 1605 1488 1688 amputaretur,
1516 1602 1549 1667 in

353 1723 458 1785 nocte
486 1712 693 1803 precedente
727 1712 819 1803 cepit
844 1712 927 1779 llere
950 1711 1102 1781 dicens:
1130 1712 1291 1795 Domine,
1313 1736 1454 1783 memor
1480 1723 1550 1783 esto

349 1853 496 1924 operum
512 1829 682 1919 priorum.
705 1828 747 1894 Et
765 1828 865 1895 uenit
885 1827 1032 1919 angelus
1053 1837 1088 1895 et
1106 1829 1261 1919 quesiuit
1281 1851 1289 1897 :
1313 1830 1429 1911 Quare
1449 1853 1550 1921 pecu-

349 1949 445 2017 niam
474 1943 715 2037 congregasti?
741 1942 933 2034 Respondit
960 1944 1173 2013 ortulanus:
1201 1945 1362 2028 Domine,
1394 1948 1547 2035 peccaui,

350 2065 502 2156 ignosce.
520 2061 564 2128 Et
577 2059 733 2128 restituit
749 2060 782 2127 ei
802 2044 938 2150 pedem.
961 2059 1097 2127 Etcum
1114 2061 1151 2128 in
1164 2060 1317 2128 crastino
1327 2062 1429 2129 uenit
1444 2061 1549 2130 medi-

348 2202 423 2261 cus,
440 2177 529 2245 dixit
544 2175 681 2244 lamilia
694 2174 785 2265 quod
806 2175 842 2241 in
859 2197 982 2265 agrum
1000 2175 1065 2242 iuit
1076 2175 1246 2259 laborare,
1259 2182 1293 2244 et
1308 2176 1469 2246 medicus
1484 2179 1548 2246 Deo

349 2295 481 2386 gratias
502 2294 657 2360 reserens
677 2291 832 2359 recessit.
1503 2373 1512 2390 .

416 2410 467 2478 Ne
488 2409 650 2477 turbetur
669 2407 779 2496 igitur
794 2407 907 2475 iustus
928 2429 991 2496 pro
1013 2407 1230 2495 [almissione
1252 2413 1487 2487 terrenorum,
1508 2431 1548 2476 ne

349 2547 430 2595 cum
446 2523 581 2593 Herode
597 2522 787 2591 collocetur
801 2523 839 2588 in
855 2523 929 2589 loco
945 2528 1215 2589 tormentorum.
1232 2521 1355 2590 Solum
1370 2524 1496 2592 timeat
1509 2546 1549 2591 ne

348 2642 460 2710 Deum
476 2638 645 2721 offendut;
664 2639 785 2706 timeat
798 2660 842 2705 ne
858 2659 1006 2728 reguum
1023 2638 1184 2705 celorum,
1198 2638 1417 2727 a(m)mittat.

490 2907 549 2962 XX.
571 2906 675 2960 -DE
700 2905 870 2970 QUODAM
896 2904 1020 2960 ElllllO
1046 2904 1086 2958 ΙΝ
1112 2904 1345 2960 ΤΟΗΜΕΝΤΙὸ
1365 2906 1412 2977 (2).

417 3083 565 3165 Quidam
581 3081 775 3149 monachus
788 3083 825 3148 in
841 3080 968 3172 Anglia
981 3079 1106 3148 ductus
1122 3087 1173 3148 est
1187 3083 1223 3148 in
1239 3083 1380 3173 spiritu,
1398 3083 1459 3152 ubi
1476 3085 1549 3174 plu-

302 3184 304 3188 *
350 3196 1547 3287 resuiditintormentisQuemdaminterrogauit,[querenslcausam

349 3339 411 3385 sue
432 3338 531 3406 pene.
555 3314 621 3394 Qui
638 3314 708 3381 ait:
733 3313 817 3380 Fere
836 3313 987 3402 singulis
1000 3312 1123 3380 diebus
1143 3334 1199 3380 me
1216 3313 1403 3382 inebriaui.
1423 3316 1548 3384 Tamen

349 3432 498 3522 singulis
517 3432 673 3520 uesperis
696 3429 893 3519 lampadem
914 3451 1029 3496 coram
1052 3429 1152 3496 altari
1175 3431 1285 3497 sancti
1306 3430 1440 3522 Nicolaj
1461 3434 1549 3522 [pro-

348 3554 425 3639 pter
440 3546 656 3633 ebrietatem]
674 3545 828 3613 accendi.
847 3545 976 3612 Tamen
996 3543 1148 3635 quadam
1161 3551 1262 3612 nocte
1277 3567 1359 3613 cum
1376 3547 1548 3637 (b)ebrius

349 3665 499 3733 iacerem
521 3663 557 3728 in
578 3662 678 3741 lecto,
701 3659 888 3728 uidebatur
907 3660 996 3727 mibi
1020 3659 1113 3749 quod
1134 3658 1217 3727 bulo
1237 3683 1299 3750 per
1318 3684 1358 3728 os
1377 3685 1498 3731 meum
1519 3670 1550 3730 et

349 3786 470 3872 guttur
486 3779 632 3846 intrauit
648 3783 683 3844 et
702 3799 760 3844 cor
775 3774 976 3855 momordit,
994 3783 1027 3842 et
1043 3782 1205 3843 mortuus
1221 3799 1312 3859 sum,
1330 3783 1365 3845 et
1384 3776 1551 3847 demones

348 3897 504 3963 animam
526 3895 563 3960 in
585 3895 650 3960 ista
670 3898 844 3959 tormenta
862 3898 1099 3979 portauerunt.
1118 3891 1325 3987 'Requisitus
1345 3892 1374 3960 si
1395 3916 1550 3985 unquam

350 4012 558 4090 saluaretur,
577 4006 754 4098 respondit
776 4007 942 4088 :Nescio;
960 4013 1078 4075 tamen
1092 4006 1256 4074 fiduciam
1273 4007 1383 4076 habeo
1405 4009 1443 4077 in
1463 4009 1552 4077 bono

349 4126 516 4194 Nicbolao
535 4123 640 4215 [quod
660 4123 784 4190 liberet
799 4123 881 4210 mel„

322 4247 340 4284 ⁴
404 4306 441 4376 (l)
458 4307 551 4360 Meme
568 4320 697 4359 sermon.

404 4396 441 4464 (2)
456 4396 597 4448 Doruinr'cu
610 4396 656 4447 iti·
673 4395 747 4463 lpost
761 4392 878 4461 rratcle],
894 4390 1042 4446 secuudum
1059 4390 1217 4454 lobuuuem,
1231 4392 1286 4445 .r'r'⁰.
1301 4421 1335 4433 -
1351 4391 1465 4464 lt'upeie
1478 4392 1550 4448 lacte

348 4489 417 4536 sunt
434 4483 463 4536 in
479 4485 557 4536 (laun
572 4482 691 4537 tiulilee.
