3270 5626
223 495 270 544 436
560 487 767 538 JOHANNlS
794 487 845 538 DE
871 484 1088 537 SCHEPEYA

222 634 432 728 quandoque
448 633 540 700 sicca
552 653 672 721 grana.
694 632 859 723 Dixitque
879 628 1070 698 domestica
1092 648 1100 695 :
1118 628 1251 697 Mirum
1267 637 1321 698 est
1334 632 1415 700 lame

220 774 293 819 non
312 747 513 838 mor[i]eris.
532 747 693 828 Quesiuit
710 769 729 814 e
748 746 888 815 diuerso
908 745 1082 814 siluestris
1102 768 1123 812 a
1140 744 1336 816 domestica
1357 749 1416 817 :Et

220 867 281 956 qui
301 862 456 934 comedis
471 870 521 945 tu,
549 860 641 929 bona
661 865 781 930 soror?
796 861 870 942 Quo
891 860 1089 951 respondit:
1113 860 1271 952 Pingues
1289 885 1415 947 carnes,

220 980 337 1050 album
364 1001 503 1071 panem,
525 1000 665 1045 caseum
689 984 724 1045 et
742 976 912 1045 butirum.
934 975 1025 1045 Veni
1051 976 1172 1068 igitur,
1195 987 1235 1044 ut
1256 978 1417 1067 prandeas

219 1119 359 1164 mecum
375 1105 409 1164 et
428 1093 546 1162 videas
561 1092 704 1160 modum
721 1093 791 1161 vite
807 1115 896 1161 mee.
914 1092 956 1160 Et
969 1093 1019 1160 sic
1031 1092 1163 1160 lactum
1177 1099 1244 1161 est.
1258 1093 1417 1164 Sedentes

218 1213 329 1304 igitur
343 1210 502 1279 homines
517 1208 559 1277 od
578 1230 736 1276 mensam
757 1209 981 1298 proiecerunt
1000 1209 1037 1275 in
1051 1230 1169 1277 aream
1189 1210 1374 1278 morsellos
1387 1217 1418 1278 et

218 1327 340 1395 micas.
368 1325 410 1393 Et
431 1324 621 1393 domestica
636 1323 680 1391 ad
699 1329 953 1415 campestrem:
976 1323 1039 1390 Exi
1063 1322 1106 1391 de
1130 1324 1324 1409 foramine;
1345 1349 1416 1394 ecce

218 1449 349 1533 quanta
362 1440 451 1508 bono
464 1440 651 1529 proiciunt.
671 1439 765 1506 Exiit
779 1439 897 1529 itaque
910 1445 944 1506 et
958 1439 1051 1528 cepit
1067 1462 1179 1508 vnum
1198 1442 1413 1531 morsellum.

217 1557 261 1626 Et
271 1557 417 1636 saltauit
430 1555 534 1624 Catus
549 1561 627 1645 post
644 1577 736 1637 eam,
753 1560 787 1622 et
799 1555 857 1622 vix
873 1555 986 1623 euasit
1005 1553 1049 1622 ad
1064 1555 1244 1639 foramem
1266 1556 1415 1649 dixitque

217 1670 431 1740 domestice:
453 1670 612 1738 Habesne
630 1669 757 1738 cotidie
777 1670 884 1737 talem
903 1669 1161 1760 exploratorem
1184 1672 1363 1741 intentum
1384 1680 1413 1741 te

218 1787 408 1855 deuorare?
421 1784 484 1853 Cui
500 1785 563 1852 illa
579 1805 587 1852 ε
605 1784 703 1853 Certe
719 1786 786 1869 sic;
804 1807 887 1854 nam
906 1791 1067 1876 parentes
1083 1808 1182 1854 meos
1197 1793 1234 1856 et
1248 1787 1370 1857 fratres
1383 1795 1413 1857 et

217 1925 353 1971 sorores
377 1902 451 1992 ipse
478 1898 674 1969 deuorauit.
705 1901 746 1968 Et
771 1902 821 1968 ait
853 1901 1082 1991 campestris}
1118 1902 1261 1972 Nollem
1294 1903 1411 1972 habere

216 2025 328 2087 totum
349 2015 523 2084 mundum
541 2038 622 2084 cum
643 2022 736 2084 tanto
756 2016 930 2107 periculo;
952 2015 1064 2085 redire
1081 2016 1161 2086 volo
1176 2017 1221 2087 ad
1238 2018 1410 2088 habitacu-

216 2134 291 2202 lum
305 2155 425 2201 meum
439 2137 474 2200 et
488 2131 609 2199 viuere
628 2153 725 2198 more
741 2138 922 2200 consueto.

282 2249 372 2329 Quia
392 2248 562 2337 seriptum
583 2253 659 2314 est:
681 2245 805 2314 Melior
823 2253 877 2315 est
896 2246 1052 2315 buccella
1072 2248 1165 2317 sicca
1184 2271 1268 2318 cum
1291 2249 1407 2341 gaudio

216 2387 321 2455 quam
342 2364 447 2453 plena
460 2362 586 2431 domus
599 2361 751 2428 victimis
764 2383 844 2429 cum
866 2362 991 2453 iurgiis
1008 2363 1068 2452 (l).

525 2627 629 2682 xllx.
656 2656 693 2667 -
717 2627 849 2699 [CANlS
876 2629 925 2683 ET
951 2627 1105 2701 Lupus]

659 2808 748 2869 Alto
768 2809 813 2868 de
834 2763 972 2868 eodem.

281 2998 399 3084 Lupus
415 2993 565 3084 quadam
586 2992 640 3059 die
661 2992 820 3059 obuiauit
840 2993 923 3059 Cani
945 2992 1032 3061 bene
1054 3001 1152 3084 pasto
1174 3004 1208 3064 et
1229 2997 1362 3087 pingui,
1379 3003 1405 3062 et

214 3112 370 3203 quesiuit
385 3110 427 3177 ab
442 3132 482 3176 eo
500 3131 507 3176 :
523 3108 584 3175 Dic
600 3107 701 3186 mihi,
719 3107 837 3187 linter,
851 3107 942 3174 vnde
956 3131 992 3175 es
1009 3110 1057 3175 ita
1070 3112 1238 3199 pinguis?
1252 3113 1313 3179 Cui
1331 3113 1403 3180 ille:

215 3227 386 3294 Dominus
402 3247 500 3292 meus
516 3230 549 3290 et
565 3230 635 3289 tota
651 3222 784 3289 lamilia
799 3221 953 3313 diligunt
969 3247 1023 3291 me
1037 3232 1070 3291 et
1081 3224 1166 3293 dant
1186 3227 1278 3294 mihi
1294 3250 1405 3317 panem

215 3349 249 3411 et
260 3364 380 3410 carnes
392 3341 504 3407 etalia
516 3339 606 3406 bona
620 3338 841 3418 sufficientia,
855 3339 984 3427 quibus
998 3339 1083 3406 benc
1095 3364 1219 3429 pascor
1231 3351 1266 3409 et
1277 3345 1406 3434 pinguis

216 3481 309 3540 sum;
333 3463 378 3538 et,
402 3456 429 3521 si
455 3455 542 3521 velis
565 3476 702 3520 mecum
730 3454 848 3519 venire
876 3460 909 3520 et
932 3477 1070 3522 mecum
1096 3459 1242 3538 morari,
1267 3461 1407 3549 pasceris

216 3572 314 3642 sicud
338 3594 413 3662 ego.
437 3571 499 3637 Cui
523 3569 662 3658 Lupus:
698 3569 833 3635 Bonum
861 3579 950 3636 esset
975 3570 1075 3643 mihi,
1105 3574 1189 3661 quia
1220 3576 1257 3641 in
1293 3598 1407 3665 iringus

216 3691 381 3780 parcitate
398 3688 480 3756 viuo
496 3691 530 3751 et
544 3684 722 3751 modicum
738 3684 857 3750 eibum
871 3708 990 3752 meum
1005 3709 1085 3753 cum
1103 3710 1234 3779 magno
1252 3691 1366 3759 labore
1381 3698 1406 3757 el

216 3809 340 3874 timore
357 3803 533 3893 perquiro,
556 3798 622 3867 Sed
638 3798 807 3879 chemilli,
827 3798 915 3866 hone
932 3801 1050 3880 frater,
1066 3802 1158 3871 vnde
1172 3813 1223 3872 esi
1240 3808 1333 3896 quod
1349 3808 1406 3874 eol·

215 3925 290 3990 lum
312 3929 408 3989 tuum
432 3919 477 3983 ito
494 3922 545 3982 est
565 3915 768 4003 depilatum.
787 3915 847 3982 Ceri
870 3916 927 3981 ille
947 3941 953 3981 :
977 3917 1025 3982 Ex
1046 3918 1196 3988 cathena
1215 3946 1324 4012 quum
1339 3947 1405 4013 ges-

216 4048 287 4108 tare
310 4033 543 4125 aliquoseiens
565 4030 672 4096 soleo.
694 4029 736 4096 Et
758 4053 795 4096 es
815 4036 851 4096 tu
871 4031 1081 4122 quandoque
1106 4034 1335 4105 cathenatus?
1353 4038 1402 4105 Cui

216 4155 318 4223 Canis
337 4174 343 4220 :
361 4152 429 4231 Sic,
447 4148 570 4215 sallom
587 4147 623 4211 in
643 4144 715 4224 die;
733 4151 834 4211 nocte
853 4169 935 4213 vero
954 4148 1083 4214 soluor.
1101 4148 1163 4216 Cui
1181 4149 1302 4240 Lupus
1321 4175 1327 4220 :
1351 4155 1402 4219 Pro

215 4270 324 4339 nullis
353 4265 488 4333 deliciis
516 4260 638 4327 mundi
664 4260 768 4327 talem
794 4267 931 4348 paterer
955 4263 1180 4346 seruitutem;
1207 4269 1301 4335 nialo
1322 4270 1400 4335 enim

216 4388 305 4454 liber
324 4385 511 4450 fameseere
533 4400 638 4466 quam
665 4375 729 4442 sub
753 4377 834 4465 iugo
859 4380 1041 4445 seruitutis
1064 4383 1176 4471 magis
1198 4383 1398 4452 habundare.

270 4582 306 4652 (t)
321 4581 401 4634 liter
411 4576 629 4648 protectiones,
644 4576 674 4627 tl.
693 4589 758 4636 xvii,
776 4590 800 4625 v.
818 4575 838 4625 t.
