3270 5626
345 914 528 985 ononis
562 916 774 986 FABtftls
806 917 1006 1001 Auum,

218 1129 648 1238 COLLECTIO
697 1126 1118 1240 SECUNDA‘¹³·.

161 1664 171 1717 1
196 1663 381 1735 (mxxiii
406 1696 441 1706 -
466 1663 538 1736 (μοι.
564 1664 609 1733 rut
637 1664 686 1719 nr
710 1663 879 1730 Quonru
905 1666 1015 1722 rum
1039 1667 1192 1723 nirrrrs

424 1763 668 1818 mrusrnrn
698 1761 913 1819 rnrnrnrn.

132 1919 284 2003 Quidum
305 1921 400 1990 filius
420 1921 555 1997 diuitis,
572 1921 797 1990 considerans
818 1944 854 1990 se
871 1923 909 1990 in
925 1922 1024 1993 breui
1045 1927 1270 2003 meriturum,

68 2037 264 2105 claustrum
284 2038 444 2105 intrauit.
468 2038 571 2105 Pater
595 2038 706 2129 ipsius
725 2038 919 2106 claustrum
939 2039 1120 2108 destruere
1144 2041 1269 2110 voluit.

67 2156 125 2221 Set
143 2153 241 2220 filius
259 2153 292 2221 ei
308 2153 452 2222 obuiam
471 2153 570 2221 venit
589 2160 624 2221 et
648 2154 699 2221 ait
719 2174 727 2221 :
750 2153 911 2236 Domine,
932 2178 1041 2245 quare
1062 2156 1155 2224 istud
1170 2180 1272 2225 eeno-

67 2267 163 2336 bium
185 2267 364 2337 destruere
379 2270 571 2359 proponis?
585 2269 653 2351 Qui
667 2268 881 2359 respondens
897 2271 965 2338 ait:
985 2270 1052 2339 Fili
1073 2273 1135 2354 mi,
1157 2278 1269 2341 totum

63 2383 255 2468 destruam,
290 2385 361 2452 nisi
399 2384 442 2453 ad
473 2386 632 2453 seculum
666 2407 806 2452 meeum
844 2387 1043 2454 reuerteris.
1078 2387 1269 2477 Respondit

64 2500 159 2567 titius
188 2520 196 2567 :
223 2499 389 2569 Libenter
411 2500 454 2569 ud
475 2501 634 2569 seculum
655 2506 824 2582 reuertar,
842 2502 870 2568 si
887 2500 1064 2592 quandem
1082 2509 1270 2572 eonsuetu-

63 2614 183 2683 dinem
210 2622 350 2685 eterra
378 2622 438 2684 tuu
467 2639 644 2684 amouens.
668 2616 859 2705 Respondit
887 2622 986 2708 pater
1004 2618 1097 2708 quod
1118 2618 1269 2688 libenter

63 2731 203 2814 fuceret,
220 2738 254 2800 et
273 2731 365 2801 dixit
383 2732 523 2799 iuuenis
541 2754 549 2802 :
568 2732 608 2799 In
622 2738 784 2801 teneatue
799 2733 848 2801 itu
861 2734 931 2801 cito
945 2733 1095 2802 iuuenes
1114 2741 1152 2802 vt
1166 2758 1267 2805 senes

61 2849 277 2916 moriuntur.
299 2848 370 2917 Hee
389 2847 549 2927 audiens,
573 2856 671 2937 pater
694 2847 737 2916 ad
761 2847 909 2916 verbnm
924 2848 989 2916 tilii
1014 2851 1069 2918 sui
1092 2849 1264 2920 mundum

61 2962 213 3053 reliquid
234 2961 311 3054 (sic)
331 2971 366 3032 et
384 2964 578 3032 claustrum
595 2964 755 3033 intrauit.

125 3077 278 3147 Attende
294 3081 402 3167 igitur
413 3079 507 3170 quod
522 3102 618 3147 mors
629 3086 682 3148 est
696 3080 797 3148 claua
813 3081 1114 3171 imperatorisque
1130 3083 1263 3149 nemini

59 3196 184 3284 parcit,
202 3194 260 3264 hic
278 3200 331 3264 est
355 3196 496 3264 mallius
519 3197 565 3285 (2)
592 3197 703 3285 ipsius
721 3196 782 3287 qui
808 3195 923 3264 celum
950 3202 985 3264 et
1008 3203 1138 3264 terram
1158 3196 1266 3266 fabri-

58 3309 165 3393 cauit,
177 3312 235 3379 cui
249 3333 356 3379 nemo
367 3313 530 3380 resistere
545 3317 668 3400 potest.

126 3508 155 3563 ιι
184 3507 266 3580 (xc).
297 3508 409 3563 -nn
439 3509 608 3574 euentu
638 3508 697 3580 (sn)
728 3507 892 3563 Annene
921 3509 960 3563 m
990 3509 1194 3564 riurmrs

172 3605 463 3678 innrn(uj,·.01÷u
489 3607 621 3662 utinen
648 3606 818 3661 nrmrnn
843 3605 1082 3661 rnnnnrxer
1103 3607 1152 3676 (rx.

123 3763 240 3833 Arbor
262 3766 414 3857 quedam
441 3774 492 3834 est
518 3768 555 3834 in
585 3765 745 3856 pertibus
771 3765 890 3847 indee,
915 3787 983 3855 que
1007 3786 1109 3854 grece
1131 3764 1260 3833 dicitur

60 3880 268 3965 rerednon,
294 3881 403 3951 latine
428 3904 514 3950 uere
538 3880 844 3964 Cireadexteram‚
869 3881 971 3948 euius
995 3880 1128 3947 fructus
1147 3879 1261 3948 dulcis

59 4002 109 4064 est
123 3996 234 4064 nimis
248 4002 283 4065 et
299 3996 398 4065 valde
415 3998 547 4066 suauis.
563 3996 731 4066 Columbe
747 4002 864 4065 autem
881 3996 966 4062 satis
985 3993 1203 4063 delectentur
1224 3996 1259 4062 in

108 4166 117 4233 ζ
123 4167 148 4237 1)
168 4168 250 4222 Cette
270 4167 438 4225 collection,
453 4185 569 4222 rumine
591 4167 618 4223 lu
640 4167 884 4237 precedentem!
909 4164 1118 4219 littdrulemeut
1135 4165 1259 4219 extruite

57 4254 93 4310 du
109 4256 274 4311 manuscrit
294 4257 400 4328 tturley
414 4260 475 4311 titt.

107 4345 147 4415 (2)
161 4345 244 4400 Ainsi
259 4361 336 4415 pour
349 4347 475 4401 madeus.

108 4434 147 4504 (3)
162 4435 200 4489 Le
215 4435 377 4490 manuscrit
395 4436 489 4489 Duum
507 4437 554 4489 tut)
568 4435 603 4489 dr
625 4434 651 4488 iu
669 4433 873 4504 Bibliottrdque
892 4431 1079 4499 dedidit-une,
1095 4448 1132 4487 uu
1148 4430 1207 4486 tieu
1222 4432 1257 4485 de

59 4522 155 4591 Indue,
171 4527 257 4594 porte
275 4524 365 4579 tuder.

110 4612 147 4684 (t)
166 4612 248 4667 Ainsi
264 4628 340 4683 pour
361 4613 532 4668 Perideeieu.
