3270 5626
730 493 916 545 FABULAE.
1376 496 1421 546 tao

223 638 303 703 liter
316 635 565 703 assimilamini
581 642 615 702 et
630 636 667 703 in
679 636 780 704 vultu
797 644 830 704 ot
845 637 883 703 in
898 637 1036 726 spiritu.
1051 636 1093 703 Et
1107 635 1251 704 vlterius
1267 638 1419 705 multum

220 749 482 820 commendauit
500 773 570 819 eas.
593 751 667 832 Que
684 751 789 819 verba
805 751 913 820 Simic
929 753 1083 819 multum
1102 757 1200 842 grata
1221 751 1418 821 habueruut

215 875 252 936 et
265 868 378 935 multa
395 865 554 934 mendaci
572 866 755 935 dederunt.
778 867 980 949 Querebant
998 868 1127 935 iterum
1143 866 1184 935 de
1200 866 1369 958 alioquid
1385 869 1417 936 ei

215 984 257 1053 de
279 984 364 1073 ipsis
384 983 570 1051 videretur.
593 982 660 1064 Qui
680 982 861 1072 respondit
878 1003 886 1049 ε
906 983 976 1050 Vos
996 984 1080 1050 estis
1100 983 1229 1051 misere
1245 990 1280 1050 et
1295 990 1419 1074 turpes

215 1101 338 1181 Simia,
360 1122 424 1167 nec
440 1098 575 1167 habetis
594 1098 636 1166 de
656 1103 769 1167 vestro
789 1096 882 1166 undo
901 1105 1058 1166 vestrum
1079 1099 1256 1188 posterius
1277 1100 1418 1188 possitis

216 1216 347 1282 velare.
369 1214 491 1298 Simia,
515 1237 557 1281 ox
585 1214 651 1281 hoc
677 1214 714 1281 in
739 1216 826 1282 iram
854 1215 1038 1293 concitate,
1067 1214 1314 1282 lacerauerunt
1335 1237 1418 1283 eum

217 1330 381 1398 dentibus
401 1338 435 1397 et
454 1330 643 1420 unguibus
662 1336 696 1398 et
709 1331 768 1397 vix
783 1330 999 1398 semiuiuum
1015 1329 1238 1398 dimiserunt.

285 1446 343 1514 Sic
359 1453 410 1514 est
429 1445 553 1513 diebus
569 1445 760 1529 modernis,
777 1446 861 1536 quia
881 1444 1105 1513 mendacium
1124 1445 1286 1536 diligitur
1306 1453 1340 1514 et
1358 1470 1417 1514 rr-

220 1562 303 1630 ritas
318 1561 448 1644 oditur,
463 1568 497 1629 et
516 1562 566 1629 sic
581 1561 796 1650 adimpletur
808 1559 898 1629 illud
921 1582 929 1628 :

474 1725 506 1783 Et
525 1723 719 1801 quandoque
735 1728 829 1784 nocet
844 1725 955 1784 omnia
968 1741 1043 1785 rara
1060 1725 1161 1801 loqui.

403 1935 504 1990 ΧΧΧΙ.
535 1966 568 1975 -
599 1935 758 2006 [astuta
787 1935 945 1990 ucurno
976 1936 1230 2004 ramirans}

703 2090 756 2148 De
776 2089 935 2148 Inuidia.

282 2246 415 2313 Asinus
431 2244 571 2313 ridebat
589 2245 717 2314 cotidie
737 2245 928 2313 Dominum
949 2269 1053 2313 suum
1075 2246 1159 2313 Cani
1174 2246 1300 2313 domus
1318 2246 1416 2313 blan-

214 2360 283 2428 diri
304 2368 338 2429 et
357 2360 399 2428 de
420 2384 542 2428 mensa
559 2362 660 2451 plura
680 2360 814 2452 largiri,
834 2367 868 2428 et
887 2362 1095 2429 econtrario
1115 2362 1245 2429 Canem
1266 2362 1416 2430 Domino

215 2475 367 2544 blandiri
387 2481 421 2543 et
441 2478 477 2543 in
496 2499 576 2544 aum
598 2475 744 2566 pedibus
765 2477 891 2544 saltare
910 2500 1019 2566 usque
1040 2476 1082 2544 ad
1101 2482 1221 2566 pectus
1242 2499 1359 2553 suum,
1382 2483 1416 2544 et

213 2592 302 2660 dixit
316 2591 406 2682 apud
424 2614 480 2660 se:
499 2592 535 2659 Si
551 2593 723 2659 Dominus
741 2615 839 2660 meus
854 2592 987 2660 animal
997 2593 1047 2660 sic
1061 2591 1285 2660 immundum
1297 2592 1414 2683 diligit

213 2715 246 2776 et
259 2709 431 2780 ociosum.
449 2715 579 2797 quanto
596 2707 705 2799 magis
724 2707 847 2799 diliget
861 2731 930 2787 mc,
948 2710 1008 2797 qui
1029 2709 1061 2776 ei
1081 2709 1118 2775 in
1135 2708 1256 2775 multis
1269 2707 1413 2776 utilibus

213 2824 344 2905 seruio,
366 2825 395 2890 si
420 2824 451 2891 ei
477 2822 654 2891 blanditus
678 2824 794 2891 luero!
817 2824 1012 2892 Occurrens
1034 2826 1150 2914 itaque
1175 2823 1324 2891 Domino
1347 2846 1411 2890 suo

212 2940 381 3016 velocius,
409 2939 605 3029 proluerint
635 2939 680 3030 (l)
712 2963 774 3008 suo
799 2962 895 3007 moro
920 2945 1077 3019 centana,
1100 2945 1133 3006 et
1157 2939 1282 3007 leuans
1307 2938 1411 3028 pedes

213 3079 296 3123 suos
311 3056 503 3123 anteriores
524 3056 640 3145 posuit
655 3078 760 3145 super
775 3055 940 3123 humeros
959 3056 1046 3139 eiuS,
1063 3062 1097 3123 el
1112 3056 1238 3123 taciem
1257 3055 1333 3122 eius
1348 3054 1415 3121 lin-

212 3194 282 3261 gua
307 3170 474 3262 lingebat,
497 3193 568 3238 non
594 3177 663 3237 tam
685 3170 808 3238 faciem
830 3195 935 3262 quam
960 3178 1074 3238 vestes
1095 3172 1171 3237 eius
1191 3168 1410 3262 deturpando

214 3291 248 3353 et
263 3286 455 3353 Dominum
471 3310 534 3353 suo
550 3286 704 3374 pondere
719 3288 876 3376 grauiter
891 3285 1081 3354 onerando.
1096 3287 1266 3354 Dominus
1279 3292 1409 3368 autem,

213 3403 429 3491 stupetactus
450 3408 483 3468 et
503 3401 648 3469 credens
668 3403 817 3470 Asinum
844 3425 1027 3483 vesanum,
1047 3402 1200 3469 clamore
1225 3425 1288 3469 suo
1314 3401 1412 3469 tanri-

215 3517 299 3584 liam
319 3517 463 3595 excitat;
489 3540 569 3607 quo,
592 3518 701 3584 fustes
721 3517 904 3606 arripiam,
923 3517 1074 3584 Asinum
1095 3518 1234 3607 egregie
1250 3516 1411 3584 verberat

214 3640 245 3700 et
265 3634 323 3701 rix
340 3632 555 3700 semiuiuunr
572 3632 667 3700 abire
691 3634 874 3723 permittit.

498 3853 624 3908 XXXII.
655 3885 689 3893 -
716 3855 843 3926 [Sllllll
870 3856 918 3909 ET
948 3854 1128 3924 l'Ul.PES.}·

651 4011 740 4069 Alta
761 4011 806 4069 de
829 4012 967 4070 eodem.

279 4165 390 4234 Simia
407 4165 527 4234 ridens
543 4167 692 4257 Vulpem
706 4166 833 4235 habere
849 4167 989 4256 longam
1006 4165 1165 4245 caudam,
1184 4165 1318 4256 rogauit
1332 4188 1408 4232 eam

213 4289 248 4349 vt
268 4281 336 4348 sibi
356 4280 453 4350 daret
468 4283 623 4372 aliquam
639 4288 786 4371 partem,
803 4289 841 4349 rt
854 4305 957 4350 suum
970 4282 1142 4370 posterius
1157 4288 1300 4371 tegeret,
1319 4304 1410 4348 asse-

214 4420 295 4466 rens
318 4420 395 4465 cam
415 4403 523 4465 totam
545 4398 611 4464 sibi
633 4420 707 4465 csse
734 4399 832 4466 oneri
855 4404 887 4465 et
910 4420 981 4464 non
1008 4397 1164 4465 rtilitati.
1192 4396 1256 4463 Cui
1278 4396 1409 4486 l'ulpes

266 4570 304 4640 (ti
327 4568 405 4623 Lisez
423 4567 584 4638 :pronitate
