3352 5624
230 520 275 569 43⁸
567 510 774 570 IOHANNIS
798 518 848 570 DE
875 515 1096 569 scaurum

230 684 312 730 cum
334 661 410 730 ouis
426 662 511 746 suis,
528 668 562 730 et
576 669 712 730 creatus
726 663 802 752 [est]
815 661 898 730 inde
912 661 1030 753 pullus
1046 682 1162 751 quem
1179 661 1355 729 nutriuit
1369 661 1454 729 Acci-

231 778 323 869 piter
336 783 503 868 tanquam
521 800 637 846 suum.
655 778 749 846 Pulli
765 800 847 847 vero
870 777 1054 868 Accipitris
1069 777 1325 867 proiecerunt
1340 777 1454 847 fimum

232 916 336 961 suum
352 900 450 962 extra
464 893 605 975 nidum3
623 894 740 985 pullus
756 895 950 962 maculauIt
964 892 1101 962 nidum.
1117 892 1232 975 Quod
1250 893 1453 976 aduertens

231 1010 407 1100 Accipiter
423 1011 472 1077 ait
487 1032 495 1078 ε
513 1010 599 1091 Quis
613 1015 770 1078 vestrum
786 1011 914 1101 estqui
930 1011 981 1077 sic
996 1009 1158 1077 maculat
1173 1009 1318 1078 nidum
1335 1014 1454 1079 suum?

232 1124 275 1193 Et
294 1148 418 1194 omnes
437 1125 602 1194 dixerunt
618 1147 625 1194 :
641 1126 719 1193 Non
739 1148 817 1217 ego,
834 1125 987 1194 domine.
1002 1123 1164 1192 'landem
1187 1125 1292 1193 facta
1309 1125 1453 1216 pleniori

232 1242 482 1332 inquisiciona,
504 1240 685 1331 oportebat
705 1264 764 1309 eos
786 1265 847 1332 pro
867 1242 921 1309 sui
941 1241 1161 1309 liberacione
1183 1241 1353 1331 prodere
1373 1244 1455 1311 veri·

231 1341 352 1438 tatem,
370 1363 405 1425 et
430 1356 621 1425 dixerunt:
641 1357 802 1442 Domine,
824 1359 889 1426 iste
907 1364 960 1425 est
982 1379 1062 1425 cum
1083 1377 1224 1445 magno
1246 1359 1387 1449 capite,
1407 1382 1455 1426 os

233 1479 331 1540 tenso
347 1473 420 1541 filio
436 1472 594 1540 Busardi.
606 1474 718 1554 Quem
729 1473 913 1564 Accipiter,
931 1495 1011 1541 cum
1027 1493 1160 1563 magna
1178 1471 1452 1566 indignacioue.

235 1610 298 1677 per
311 1587 423 1677 capud
442 1587 629 1679 arripiens,
651 1589 800 1679 proiecit
814 1596 912 1657 extra
927 1587 1062 1670 nidum,
1085 1585 1216 1655 dicens
1240 1610 1248 1656 :
1271 1589 1326 1658 De
1342 1598 1454 1659 ouote

235 1701 402 1791 produxi,
421 1709 518 1771 extra
537 1710 700 1772 naturam
720 1728 792 1772 non
808 1705 919 1795 potui.

300 1816 403 1902 Quia,
427 1829 463 1887 vt
477 1819 563 1888 dicit
583 1820 724 1889 Oratius
745 1821 789 1910 (1)
814 1841 822 1888 :

355 1991 507 2051 Naturam
521 1992 663 2070 expellas
679 1991 764 2052 Iurta
779 1989 863 2071 (stc);
881 1996 992 2053 tamen
1006 2005 1108 2068 rsque
1125 1997 1301 2052 recurret.

549 2250 611 2303 ιιι.
637 2280 673 2289 -
698 2249 847 2321 [aurai
875 2249 923 2303 ar
948 2248 1126 2320 iutilia]

681 2429 769 2488 Alta
790 2431 835 2489 de
857 2432 996 2489 eodem.

304 2611 418 2680 Ardea
438 2613 577 2704 rogauit
598 2612 775 2703 Aquilam,
799 2619 836 2680 vt
858 2612 1050 2681 dimitteret
1072 2636 1150 2681 eam
1178 2615 1220 2684 in
1251 2624 1460 2694 societatem

238 2751 339 2797 suam
364 2727 630 2820 etperduceret
650 2727 693 2797 ad
722 2734 906 2796 extraneas
926 2729 1096 2819 regiones.
1119 2728 1188 2798 Cui
1215 2734 1392 2827 Aquilag
1415 2742 1463 2810 Li.

240 2845 364 2912 beuter
380 2843 445 2912 lroc
465 2845 638 2927 facerem
650 2843 709 2911 sed
732 2845 839 2911 timeo
857 2866 902 2911 ne
921 2851 1037 2934 portes
1056 2853 1177 2912 tecum
1204 2855 1323 2922 tuum
1351 2867 1463 2949 poste-

239 2962 325 3028 rius.
345 2960 568 3028 Consuetudo
589 2961 682 3027 enirn
704 2960 816 3027 Ardae
837 2966 941 3027 estut
963 2959 1092 3027 inliciat
1106 2984 1262 3033 ornnem
1285 2971 1412 3041 locum
1432 2977 1461 3040 in

239 3099 308 3166 quo
322 3075 460 3143 sederit.

308 3191 397 3259 Hinc
413 3192 571 3281 estquod
593 3192 677 3260 dicit
692 3192 829 3260 Oratius
852 3213 859 3260 :

342 3372 468 3445 Celurn,
487 3390 550 3431 uon
567 3374 714 3432 anirnurn
733 3375 872 3441 mutant,
888 3369 944 3447 qui
960 3372 1048 3430 trans
1066 3388 1331 3444 mare-currunt
1351 3385 1409 3463 (II.

572 3604 654 3658 LIII.
680 3635 715 3644 -
739 3605 856 3675 [BUBO
886 3607 934 3660 ET
963 3605 1112 3676 lupus]

670 3789 722 3844 Dc
745 3788 861 3845 stulto
882 3801 1020 3846 amore.

313 3972 408 4036 ,lues
426 3992 496 4036 uua
512 3969 585 4035 vice
607 3975 796 4036 tenuerunt
811 3970 997 4037 consilium
1018 3992 1133 4036 suum.
1159 3969 1260 4039 Inter
1281 3999 1383 4066 quas
1405 3986 1468 4051 suit

246 4086 339 4152 filius
360 4085 527 4153 Bubouis.
549 4084 658 4151 llater
678 4107 759 4151 vero
785 4086 871 4164 eius,
895 4084 1003 4163 Bato,
1020 4085 1142 4152 voleus
1167 4086 1198 4152 ei
1225 4091 1384 4165 mittere
1406 4100 1468 4166 ali·

245 4224 315 4293 qua
335 4201 512 4278 victualia,
537 4201 692 4289 quesiuit
715 4199 857 4289 aliquod
884 4201 1014 4267 animal
1039 4199 1277 4289 expedicioris
1303 4208 1465 4283 itineris.

246 4324 280 4385 ot
301 4317 398 4385 venit
422 4316 486 4384 sibi
513 4317 549 4383 in
570 4321 725 4384 mentem
744 4315 836 4406 quod
857 4316 968 4406 lepus
991 4324 1081 4383 esset
1104 4315 1269 4405 expedite
1297 4345 1465 4401 currens,

298 4515 336 4585 (ι)
350 4502 415 4601 up,
433 4515 453 4579 ι,
470 4530 496 4579 x,
512 4514 556 4567 aa

299 4606 337 4673 (2)
353 4604 553 4672 Ερ.,1,ιι,2ῑ.
