3270 5626
366 482 412 532 298
599 481 750 534 ODONIS
776 484 826 535 Du
854 485 1063 537 CERITONA
1087 484 1333 536 PARABOLAE.

367 624 496 695 cibaria
515 649 692 696 uenenosa
711 651 773 719 per
792 651 902 719 praua
920 630 1080 720 exempla
1099 629 1249 698 subditis
1268 627 1427 710 exibent,
1449 629 1567 710 etiam,

367 742 459 810 sicut
472 744 578 834 Caym
598 743 773 834 fugientes
793 769 813 814 a
832 745 919 814 tocie
940 745 1093 828 Domini,
1111 745 1314 814 efficiuntur
1332 745 1418 835 uagi
1439 751 1474 812 et
1496 766 1570 833 pro

369 856 443 949 lugi
463 881 569 948 super
588 866 729 928 terram.

488 1084 645 1139 lxxxiv.
674 1115 710 1126 -
738 1085 788 1139 oa
818 1085 988 1150 ouunlu
1016 1085 1176 1142 rurum
1204 1085 1252 1140 ar
1275 1085 1452 1151 ouoolu

808 1182 1051 1239 nucclrouu
1077 1182 1126 1254 (ι).

433 1351 539 1418 Peior
558 1356 611 1417 est
629 1350 719 1418 latro
735 1352 792 1418 uel
813 1357 931 1440 raptor
951 1351 1164 1441 famaquam
1180 1351 1340 1441 pecunie.

433 1464 532 1533 Vnde
550 1465 699 1557 quedam
716 1466 844 1556 puella,
863 1466 946 1556 quia
961 1464 1104 1558 quidam
1120 1465 1276 1535 lecbator
1291 1465 1366 1557 (sic)
1384 1466 1563 1533 infamiam

368 1580 434 1648 sibi
465 1582 692 1672 imposuerat,
718 1603 798 1650 cum
825 1582 924 1671 prius
953 1588 1070 1672 posset
1096 1581 1229 1651 nubere
1255 1603 1336 1649 cum
1362 1579 1564 1648 melioribus

369 1695 468 1779 uilla,
491 1695 538 1762 ita
559 1694 845 1785 uilipendebatur
855 1701 996 1786 propter
1011 1694 1192 1763 infamiam
1209 1695 1301 1786 quod
1318 1696 1427 1765 ctiam
1448 1694 1564 1764 tibaldi

369 1812 482 1901 ipsam
503 1809 807 1900 contempnebant.

433 1925 489 1993 llii
510 1931 590 1994 sunt
612 1926 799 1995 scrabones
815 1927 875 2017 qui
892 1949 1030 2017 semper
1044 1932 1166 1994 tenent
1185 1933 1340 1994 rostrum
1362 1927 1400 1995 in
1422 1928 1516 2010 fimo,
1532 1927 1563 1995 id

367 2049 431 2127 cst,
452 2065 491 2110 os
507 2064 611 2110 suum
627 2065 763 2132 semper
783 2043 820 2110 in
839 2042 1058 2134 turpitudine
1074 2049 1109 2110 et
1123 2042 1226 2133 culpa
1240 2042 1387 2112 alterius
1403 2044 1560 2135 infigunt.

409 2293 551 2348 lxxxv.
581 2325 615 2333 -
645 2293 693 2348 DE
722 2293 863 2348 bllLl'lE
891 2293 1061 2358 occulti
1092 2292 1212 2349 REGIS
1241 2292 1441 2349 Luuovrcl
1467 2293 1514 2364 (t).

433 2460 535 2529 Miles
554 2460 699 2552 quidam
714 2462 807 2553 regis
822 2460 989 2530 Ludouici
1005 2462 1180 2530 transiens
1192 2483 1299 2552 super
1311 2466 1457 2550 pontem
1472 2461 1563 2529 Pari·

373 2577 446 2645 sius
461 2576 640 2646 descendit
653 2577 695 2646 de
711 2600 801 2668 equo
816 2585 851 2645 et
865 2552 1041 2667 quendam
1056 2577 1232 2645 famosum
1247 2575 1474 2669 burgensem,
1487 2577 1565 2667 quia

370 2693 562 2761 enormiter
579 2692 621 2761 de
641 2692 712 2761 Deo
732 2694 875 2777 iurauit,
893 2694 1031 2761 fortiter
1049 2715 1130 2761 cum
1145 2703 1264 2784 pugno
1280 2693 1465 2783 percussit.
1488 2691 1564 2773 Qui,

369 2830 452 2877 cum
471 2815 639 2898 tanquam
660 2831 740 2877 reus
759 2831 877 2877 coram
898 2831 978 2899 rege
998 2807 1196 2891 duceretur,
1218 2806 1328 2876 dicit:
1351 2807 1500 2876 Domine
1519 2808 1565 2874 mi

372 2947 444 3006 rex,
462 2926 491 2991 si
507 2925 705 2991 inuenirem
725 2924 879 3014 aliquem
900 2946 1029 2991 nomen
1051 2929 1150 2991 tuum
1172 2923 1489 3013 blasphemantem,
1508 2945 1565 3014 ego

373 3040 547 3130 usquead
569 3040 776 3129 sanguinem
802 3041 931 3106 samam
955 3048 1052 3107 tuam
1077 3038 1358 3128 deftllenderem.
1385 3040 1563 3108 Similiter.

372 3178 496 3245 exque
513 3155 554 3222 dc
570 3178 650 3245 rege
666 3177 787 3245 regum
802 3156 885 3223 talia
902 3154 1135 3238 uerbaandio,
1147 3155 1235 3222 bene
1250 3153 1358 3222 debeo
1375 3153 1562 3222 uindicare.

373 3271 444 3337 Rex
465 3269 577 3338 bonus
600 3277 740 3359 propter
760 3271 824 3338 hoc
845 3270 940 3338 dedit
963 3273 994 3338 ei
1022 3293 1083 3359 per
1106 3276 1219 3337 totum
1244 3293 1394 3359 regnum
1427 3271 1563 3339 Francia

376 3392 593 3475 potestatem,
617 3387 705 3454 utin
723 3410 798 3454 reos
816 3388 962 3476 periurii
981 3408 1125 3454 manum
1146 3408 1245 3453 suam
1261 3387 1431 3454 mitteret.

455 3636 616 3690 Lllllllvl.
646 3667 680 3675 —
709 3636 759 3689 DE
790 3636 959 3701 QUODAM
988 3635 1145 3690 S.tNCTO
1174 3636 1222 3689 ET
1248 3636 1490 3691 Fulruluus

733 3735 822 3788 St'lS
851 3733 1138 3798 LOQUENTlBUS
1165 3732 1215 3804 (3).

441 3909 589 3991 Quidam
610 3917 767 3992 sanctus,
789 3908 928 4000 quando
948 3910 1072 3978 fratres
1091 3910 1146 3977 sui
1166 3907 1407 3999 loquebantur
1427 3910 1468 3978 de
1489 3918 1563 3985 tem·

378 4025 566 4115 poralibus,
590 4048 712 4115 porcos
732 4026 852 4115 nigros
868 4026 904 4092 in
921 4025 1105 4093 uolutabro
1125 4024 1326 4093 uolutantes
1341 4025 1446 4106 uidit,
1460 4027 1495 4092 in
1511 4023 1561 4090 boc

375 4141 575 4230 intelligens
591 4138 683 4231 quod
698 4141 734 4207 in
750 4142 964 4231 turpiloquio
980 4147 1014 4207 ot
1029 4141 1132 4207 uanis
1145 4139 1369 4208 sermonibus
1386 4163 1522 4230 semper
1535 4157 1560 4201 se

428 4310 466 4380 (t)
482 4312 514 4365 ln
529 4311 573 4365 die
587 4312 773 4376 Asceusionis,
790 4310 937 4364 secundem
951 4310 1104 4375 Moechum,
1115 4325 1137 4363 c.
1154 4310 1260 4366 uttiruo.
1271 4340 1305 4348 -
1321 4308 1559 4365 llecumbentibu

375 4416 421 4453 .rr.
438 4399 601 4469 discipulis,
616 4399 755 4470 apparuit
770 4398 826 4453 illis
842 4399 978 4453 dominus
994 4398 1105 4452 ltresus.

427 4487 464 4558 (⁶3)
481 4488 572 4543 Mdme
586 4505 715 4543 sermon.

428 4576 466 4646 (3)
482 4577 573 4630 lldme
590 4594 721 4633 sermon.
