3270 5626
318 509 473 560 ODONIS
500 509 551 560 DE
578 507 792 558 CERlTONA
818 501 1064 555 PARADOLAE.
1248 500 1293 550 269

90 657 143 722 los
159 678 242 721 suos
257 653 386 721 habere
397 653 655 743 dilglnoscitur.
669 652 910 740 At[t]enuatun
925 647 1020 714 enim
1032 644 1163 734 gallina
1173 667 1292 711 amore

91 771 286 862 pullorum,
300 775 333 836 et
349 768 485 837 habens
500 790 635 857 pennas
649 772 789 858 yrsutas
804 771 840 832 et
854 784 996 831 raucam
1012 782 1149 842 uocem,
1163 766 1198 826 et
1212 782 1294 827 con-

90 895 211 977 gregat
233 886 349 976 pullos
369 907 453 952 suos
475 883 541 951 sub
564 883 649 966 alas
677 905 757 950 eum
776 879 875 949 uidet
896 878 1050 946 miluum
1074 876 1290 944 uenientem.

158 1002 208 1069 lta
232 1000 397 1069 dominus
417 999 618 1068 exinaniuit
637 1022 687 1080 se,
713 998 862 1065 formam
888 992 981 1062 serui
1001 990 1189 1081 accipiens
1212 1013 1292 1058 cum

91 1119 189 1208 prius
205 1124 298 1185 esset
312 1116 422 1199 fortis,
435 1122 471 1184 et
485 1113 752 1206 inpassibiliter,
765 1133 883 1180 amore
899 1109 1078 1200 pullorum
1095 1129 1183 1197 quos
1198 1106 1290 1188 lecit,

92 1231 242 1302 reddidit
257 1256 293 1300 se
313 1231 466 1300 debilem
483 1237 518 1298 et
532 1229 757 1321 palpabilem.

272 1502 305 1555 X.
338 1531 365 1541 -
389 1501 441 1555 DE
471 1499 676 1554 PELICANO
705 1498 754 1552 ET
780 1498 903 1554 FlLllS
933 1501 1022 1557 SUlS
1049 1502 1097 1574 (1).

163 1679 364 1748 Pellicanus
391 1677 551 1769 proprios
574 1676 663 1745 filios
691 1675 831 1759 occidit,
853 1678 937 1768 quia
957 1685 1069 1747 rostra
1091 1703 1154 1748 sua
1175 1687 1296 1749 contra

95 1795 212 1885 ipsum
228 1795 334 1885 erigit
348 1800 382 1861 et
396 1792 717 1885 percucientur.(t);
731 1790 790 1859 sed
803 1791 926 1860 uidens
941 1794 1035 1884 ipsos
1046 1803 1204 1865 mortuos
1220 1820 1296 1864 san-

96 1911 242 2002 guinem
263 1909 304 1978 de
325 1909 432 1978 latere
449 1907 643 1998 extralhitl,
665 1907 847 1997 perfundit
861 1908 956 1998 ipsos
971 1917 1006 1977 et
1021 1910 1188 1979 uiuificat.

162 2025 247 2115 Sile]
264 2026 340 2093 Eua
359 2030 394 2092 et
407 2023 532 2106 Adam,
556 2024 639 2114 quia
655 2029 810 2091 rostrum
826 2047 930 2092 suum
945 2047 1006 2114 per
1021 2026 1297 2096 inobedientiam

98 2147 222 2210 contra
234 2141 344 2209 Deum
361 2145 560 2222 erexerunt,
574 2139 749 2208 interlecti
765 2145 859 2207 sunt.
871 2138 938 2208 Sed
954 2140 1124 2210 Dominus
1136 2143 1300 2212 misertus

97 2257 139 2325 de
162 2257 304 2348 proprio
327 2256 436 2324 latere
460 2253 670 2346 sanguinem
694 2253 738 2322 ad
765 2254 956 2344 potandum
987 2255 1094 2341 dedit,
1119 2261 1227 2328 etsie
1255 2260 1298 2328 ad

95 2374 209 2442 uitam
226 2373 418 2440 reuocauit.
436 2371 535 2439 Vnde
556 2369 699 2461 quidam
722 2393 730 2439 :

291 2544 331 2603 Vt
346 2542 530 2604 Pellicanus
546 2543 589 2602 sit
601 2541 714 2603 matris
730 2542 887 2621 sanguine
903 2559 1013 2617 sanuS,
1030 2547 1091 2605 etc.

199 2802 251 2855 xl.
282 2832 317 2840 -
345 2801 397 2855 DE
421 2800 617 2856 MONACHO
647 2799 694 2854 ΕΤ
722 2799 929 2855 sadanma
957 2800 1122 2856 ClllllSTl
1153 2803 1200 2873 (3).

166 2978 304 3045 Dicitur
325 2976 419 3068 quod
440 2975 579 3045 cuidam
608 2976 782 3045 monacho
802 2984 929 3045 cuneta
952 2976 1085 3045 cibaria
1110 2979 1157 3046 ita
1179 3003 1302 3071 aspera

100 3093 313 3163 uidebantur
333 3099 368 3161 et
386 3091 486 3175 dura,
508 3091 604 3182 quod
618 3092 679 3159 uix
700 3091 743 3160 ad
764 3093 1058 3160 sustentationem
1079 3103 1214 3183 poterat
1227 3095 1302 3187 ipsa

101 3232 252 3278 sumere.
281 3207 439 3290 Quadam
465 3215 566 3276 noete
588 3209 625 3274 in
652 3208 809 3297 sompnis
834 3209 998 3298 apparuit
1022 3208 1054 3276 oi
1077 3209 1178 3278 beata
1200 3212 1301 3303 uirgo

101 3324 220 3394 dicens
231 3347 239 3393 :
251 3324 357 3392 Panis
374 3325 425 3392 tui
445 3322 621 3391 buecellas
638 3323 839 3414 intingelre)
858 3324 894 3390 in
910 3324 1121 3394 uulneribus
1133 3326 1197 3394 lilii
1217 3328 1300 3396 mei.

104 3441 144 3508 Et
168 3439 269 3508 duxit
299 3439 513 3508 monachum
540 3420 583 3507 ad
611 3437 787 3529 quandam
820 3440 1023 3530 ymaginem
1051 3441 1236 3509 saluatoris
1265 3443 1303 3510 in

104 3578 205 3624 cruce
222 3553 420 3645 pendentis,
433 3565 468 3622 et
483 3553 678 3622 monachus
695 3553 869 3622 buecellas
884 3554 1027 3622 intinxit
1041 3555 1078 3623 in
1094 3557 1303 3626 uulneribus

104 3678 136 3739 et
158 3670 374 3740 uidebantur
402 3669 434 3737 ei
461 3671 595 3760 optimo
622 3667 848 3737 condimento
877 3670 1028 3758 condite.
1065 3671 1165 3739 Vnde
1191 3673 1305 3762 potuit

103 3786 218 3855 dicere
239 3785 331 3876 quod
351 3787 401 3854 nit
420 3784 493 3868 lob,
517 3787 566 3874 [C.
587 3808 633 3868 u,
655 3809 689 3853 v.
707 3786 739 3873 t]
760 3805 767 3851 :
786 3783 859 3865 Qua
882 3785 977 3875 prius
997 3786 1141 3854 nolebat
1161 3793 1304 3878 tangere

104 3904 223 3971 anima
233 3924 324 3984 mea,
335 3924 431 3969 nunc
443 3924 503 3992 pre
514 3903 677 3992 angustia
690 3900 759 3968 eibi
777 3902 847 3969 mei
862 3907 957 3984 sunt,
968 3903 1051 3993 quia
1065 3925 1128 3993 pro
1143 3903 1305 3994 angustia
1320 3961 1322 3964 .

105 4041 210 4110 quam
230 4018 325 4085 lilius
346 4016 407 4085 Dei
423 4018 605 4100 sustinuit,
626 4023 661 4085 et
675 4039 794 4086 amam
814 4023 849 4085 et
867 4040 1000 4108 aspera,
1019 4025 1186 4109 tanquam
1206 4005 1314 4086 cibus*

106 4135 271 4224 optimus,
291 4155 347 4200 me
366 4133 539 4200 reficiunt.

160 4312 196 4382 (t)
210 4313 305 4366 tiemo
318 4327 448 4367 sermon.

159 4401 197 4472 (2)
211 4401 292 4456 tisez
309 4417 316 4455 ι
332 4396 481 4456 deomant
494 4404 521 4455 et
533 4406 736 4471 percusserunt.

160 4489 195 4560 (a)
210 4492 242 4546 ln
267 4490 462 4560 solempnitate
488 4489 560 4543 beati
583 4488 714 4543 tolonnis
735 4490 915 4561 euonqetiste,
936 4489 1086 4545 seeundum
1101 4489 1259 4557 Iohannem,
1282 4504 1305 4543 c.

111 4579 212 4634 ultimo.
226 4610 262 4619 -
277 4579 357 4633 Dixit
373 4579 474 4634 ihesus
488 4578 574 4632 Petro
590 4594 597 4631 :
619 4577 747 4647 Seqnem
761 4594 818 4634 me.
