3270 5626
356 485 401 534 2³⁰
614 481 764 533 onouls
789 481 840 533 DE
867 481 1076 533 CERI'I'ONA
1102 480 1291 537 nanuum

478 733 584 787 LVIII.
613 762 648 775 -
672 734 723 788 DE
749 733 1035 788 CONTENTIOIVE
1064 733 1158 788 LUPI
1184 734 1231 789 ΕΤ
1259 734 1447 791 LEPORIS.

525 850 628 968 Quod
649 894 853 975 tuamensis
871 900 932 957 ast
950 899 1075 957 venus
1097 899 1314 957 otmundus
1334 895 1391 975 (l).

425 1080 544 1171 Lupus
568 1087 603 1148 et
631 1081 744 1170 Lepus
770 1080 837 1149 sibi
863 1080 1112 1164 obuiauemnt,
1140 1088 1176 1149 ot
1200 1081 1250 1148 ait
1273 1081 1392 1172 Lupus
1417 1102 1425 1149 :
1450 1081 1562 1173 Super

359 1198 477 1265 omnia
497 1219 533 1264 es
561 1197 693 1264 animal
720 1195 979 1265 meticulosum.
1001 1195 1230 1286 Audereslne]
1252 1195 1466 1266 contendere
1482 1220 1558 1267 cum

358 1312 476 1403 aliquo
496 1312 664 1380 animali?
683 1311 794 1396 Certe,
817 1312 866 1379 ait
882 1311 1010 1402 Lepus3
1029 1312 1077 1379 ita
1092 1318 1221 1395 tecum,
1238 1312 1322 1380 licet
1335 1312 1471 1404 grande
1490 1335 1561 1383 cor-

358 1451 423 1519 pus
436 1427 567 1496 ‘habeas
587 1435 621 1497 et
641 1450 704 1519 ego
725 1426 915 1495 modicum.
935 1427 1051 1517 Lupus
1071 1427 1275 1518 indignatus
1293 1428 1343 1496 ait
1364 1449 1372 1494 :
1391 1427 1492 1497 Certe
1507 1429 1562 1496 Iir·

358 1544 460 1612 mabo
479 1567 524 1612 .x.
542 1566 667 1612 aureos
688 1549 808 1612 contra
827 1565 940 1611 unum
966 1540 1058 1634 quod
1079 1548 1112 1612 tc
1131 1543 1272 1612 uincam
1293 1544 1342 1633 (p.
1364 1544 1443 1628 llll,
1461 1566 1492 1613 c.
1514 1545 1558 1618 II.

256 1725 258 1729 ,
358 1660 457 1728 Certe
473 1659 598 1749 placet,
615 1661 666 1726 ait
685 1659 810 1749 Lepus,
833 1658 916 1727 dum
937 1658 1040 1727 modo
1056 1659 1122 1726 sim
1138 1680 1281 1727 secums
1300 1657 1343 1727 de
1362 1660 1431 1728 ista
1445 1661 1561 1728 firma-

359 1777 470 1843 cione.
483 1774 596 1842 Ambo
616 1774 788 1842 dederunt
808 1760 1041 1842 fideiussores.
1061 1775 1135 1856 Quo
1147 1774 1250 1857 facto,
1265 1774 1381 1865 Lupus
1401 1781 1437 1844 et
1452 1776 1561 1866 Lepus

359 1891 540 1974 constituti
561 1895 645 1983 sunl>
663 1891 699 1956 in
715 1912 838 1980 campo
855 1889 898 1958 ad
915 1888 1154 1982 pugnandum.
1169 1890 1288 1980 Lupus
1306 1889 1471 1960 currebat
1485 1913 1562 1960 uer-

359 2029 419 2075 sus
452 2007 619 2096 Leporem
650 2004 693 2073 ad
722 2005 932 2095 capiendum
961 2011 995 2074 et
1022 2004 1277 2073 deuorandum.
1303 2006 1418 2096 Lepus
1446 2007 1561 2098 fugam

361 2122 522 2214 arripuit,
545 2127 580 2189 ot
600 2122 728 2212 Lupus,
750 2126 790 2188 ut
809 2121 934 2203 ualuit,
957 2119 1219 2211 insequebatur.
1237 2120 1303 2190 Sed
1326 2121 1442 2212 Lepus
1467 2123 1564 2211 uelo·

361 2238 436 2307 cius
451 2231 624 2305 currebat.
643 2238 761 2327 Lupus
781 2238 852 2305 iam
876 2237 1041 2327 fatigatus
1060 2259 1221 2328 gressum
1241 2236 1387 2305 sistebat
1406 2244 1442 2306 ct
1462 2260 1564 2328 super

362 2360 490 2421 terram
506 2375 542 2420 se
557 2353 713 2442 proiecit.
732 2352 896 2442 Amplius
911 2374 1050 2421 currere
1065 2374 1138 2421 non
1153 2356 1299 2443 poterat.
1312 2351 1356 2420 Et
1369 2353 1421 2421 ait
1430 2352 1562 2445 Lepus:

362 2467 435 2536 Iam
460 2454 581 2536 uictus⁸
595 2490 631 2535 os
652 2477 685 2534 et
704 2467 747 2536 ad
767 2472 898 2535 terram
918 2472 1124 2559 prostratus.
1151 2466 1343 2551 Quomodo,
1366 2469 1417 2537 ait
1436 2468 1564 2560 Lupus,

362 2606 435 2652 non
450 2584 505 2652 uis
520 2606 576 2651 me
592 2585 796 2672 expectare?
815 2581 914 2651 Certe
929 2605 1055 2650 uerum
1071 2587 1135 2665 est,
1152 2583 1202 2649 ait
1216 2582 1341 2673 Lepus.
1360 2583 1435 2665 Que
1452 2606 1567 2676 pugna

364 2705 466 2779 esset,
490 2721 570 2767 cum
595 2700 642 2766 sis
663 2699 700 2766 in
720 2698 826 2789 triplo
847 2699 960 2767 maior
979 2701 1056 2766 me?
1075 2697 1142 2767 Orc
1161 2697 1294 2787 aperto,
1315 2720 1436 2790 posses
1455 2706 1567 2768 totum

364 2822 470 2905 caput
488 2837 668 2904 occupare.
691 2814 762 2905 Ego
785 2836 856 2881 non
877 2835 1007 2905 pugno,
1021 2814 1092 2882 nisi
1112 2836 1192 2882 cum
1212 2811 1371 2904 pedibus,
1389 2815 1461 2883 nisi
1481 2815 1569 2907 iugi·

365 2931 466 2999 endo.
498 2930 555 2997 Sic
578 2953 657 3019 sepe
686 2952 766 2997 cum
793 2929 938 2997 canibus
965 2930 1119 3020 pugnaui
1150 2936 1184 2996 et
1211 2930 1298 3012 uici;
1325 2935 1359 2997 et
1387 2938 1426 2998 tu
1454 2933 1569 2999 uictus

367 3045 470 3113 redde
486 3044 577 3136 quod
602 3045 719 3113 debes.
743 3044 825 3113 Orta
846 3051 898 3113 ost
918 3044 982 3113 hcc
1002 3046 1191 3128 contentio,
1213 3051 1248 3113 et
1267 3068 1287 3114 a
1307 3046 1421 3114 Leone
1441 3046 1572 3115 diffini-

367 3169 443 3230 tum
465 3161 622 3251 estquod
639 3162 756 3250 Lupus
772 3161 839 3227 luit
853 3162 980 3229 uictus.

435 3275 606 3344 Similiter
620 3277 682 3366 qui
698 3276 777 3344 uult
792 3298 947 3367 pugnare
963 3298 1044 3344 curn
1059 3276 1206 3359 Venere,
1220 3298 1300 3344 cum
1315 3276 1463 3360 mundo,
1476 3299 1573 3345 secu-

368 3393 442 3460 rius
458 3400 589 3483 pugnat
609 3399 642 3459 et
667 3393 800 3460 cercius
816 3393 940 3473 uincit,
962 3413 1041 3459 cum
1062 3392 1162 3482 fugit.
1181 3391 1280 3459 Vnde
1298 3393 1348 3481 [in
1368 3393 1537 3482 Epistola]
1559 3392 1570 3459 I

369 3507 411 3576 ad
427 3507 625 3576 Corinthios
642 3508 705 3596 [CI
723 3531 766 3590 vr,
790 3508 835 3597 [v.
859 3508 913 3595 18]
935 3528 942 3575 :
966 3507 1089 3598 Fugite
1112 3507 1395 3576 fornicationem.
1419 3507 1470 3575 Ibi
1491 3507 1574 3576 dicit

369 3624 588 3715 Augustinus
611 3647 618 3692 :
641 3623 727 3692 Cum
754 3624 834 3692 aliis
861 3646 987 3713 nempe
1013 3624 1115 3692 uiciis
1143 3630 1257 3713 polest
1278 3624 1503 3713 exIslpeclari
1527 3625 1574 3691 ai-

369 3740 501 3821 uictus;
519 3746 572 3807 set
598 3740 688 3807 hanc
709 3740 834 3831 fugite,
861 3762 905 3807 nc
930 3740 1193 3829 approximetis.
1211 3739 1312 3808 Vnde
1337 3738 1483 3829 quidam
1506 3761 1513 3806 :
1536 3740 1572 3807 ln

370 3856 436 3925 hoc
452 3857 544 3924 enim
566 3857 676 3945 prelio
695 3854 862 3946 fugiendo
882 3855 1012 3922 sorcius
1032 3862 1067 3924 et
1086 3856 1214 3923 melius
1235 3861 1426 3947 pugnatur.
1449 3855 1574 3946 Sicque

372 3972 491 4040 Venus
507 3974 678 4051 uincitur;
695 3994 775 4039 cum
791 3972 938 4063 fugitur,
956 3972 1110 4061 fugatur.
1128 3971 1253 4054 Dauid,
1268 3971 1298 4038 si
1313 3977 1471 4041 remotus
1487 3977 1575 4040 essct

373 4111 392 4156 a
412 4088 590 4170 Betsabec,
608 4087 700 4178 quod
721 4089 833 4178 ipsam
849 4110 920 4155 non
940 4087 1077 4156 uideret
1097 4087 1145 4177 (p.
1164 4092 1240 4164 511,
1258 4109 1288 4155 c.
1306 4089 1354 4177 2),
1373 4089 1492 4156 uictus
1506 4109 1575 4155 non

372 4203 507 4272 fuisset.
530 4203 701 4271 Similiter
724 4202 925 4292 Sam(p)son
947 4226 1019 4271 non
1040 4208 1228 4293 peccasset,
1250 4202 1370 4271 oculos
1395 4224 1468 4270 non
1492 4203 1576 4270 ami-

372 4320 485 4402 sisset,
514 4321 542 4386 si
564 4317 723 4386 Dalidam
744 4318 820 4407 (sic)
841 4318 999 4409 fugisset.
1022 4318 1057 4386 Si
1078 4320 1339 4409 appropinquas
1359 4317 1482 4408 pulcre
1503 4340 1577 4385 mu-

427 4497 1576 4569 pmmmmmmmmmmmmmmum

371 4587 429 4641 Au.
446 4587 490 4652 u,
507 4587 563 4641 m.
580 4587 625 4653 as,
642 4588 697 4641 uo.
710 4589 754 4653 ea,
770 4587 827 4642 m.
848 4589 889 4652 ro,
902 4588 956 4641 cl.
971 4588 1016 4653 ra,
1031 4588 1083 4642 ca.
1101 4591 1145 4653 ar,
1162 4588 1219 4643 aa.
1234 4587 1277 4645 aa.
