3270 5626
582 479 813 533 conuncrlo
840 482 1042 537 SECUNDA.
1367 495 1414 543 397

212 631 321 708 ratus,
346 622 508 716 egregius
528 628 647 692 tamen
672 625 784 694 victor
805 628 977 710 existens;
1002 634 1056 696 set
1084 628 1149 698 hoo
1174 629 1264 703 dixit
1285 656 1412 723 sponse

212 739 306 833 quod
329 741 366 807 in
389 739 480 808 bello
502 762 584 808 eum
604 740 694 808 mori
713 747 888 831 oporteret
907 749 941 811 et
965 744 1015 812 sic
1034 745 1217 814 victoriam
1239 750 1409 838 optinere.

210 857 335 926 Puella
355 857 475 948 igitur,
497 879 645 947 surgens
661 856 704 925 de
724 864 836 926 stratu
850 859 1015 942 miserie,
1029 883 1180 951 regnum
1193 864 1421 954 possidebat3·

209 995 309 1042 arma
321 972 441 1064 sponsi
455 972 630 1061 accipiens
650 975 822 1065 sanguine
837 996 997 1065 respersa
1011 976 1049 1043 in
1064 999 1203 1046 camera
1219 1001 1283 1047 sua
1300 1004 1412 1050 socro-

209 1089 346 1157 tissima
361 1087 590 1180 appendebat,
612 1094 650 1157 vt
668 1088 744 1156 eius
764 1112 902 1180 semper
918 1092 1075 1180 aspectui
1091 1091 1327 1164 obicerentur.
1346 1098 1411 1166 Per

208 1226 413 1298 processum
421 1227 503 1273 vero
512 1205 863 1295 temporisvenerunt
870 1205 913 1274 ad
924 1229 1001 1274 eam
1018 1208 1121 1276 multi
1136 1210 1273 1279 nobiles
1282 1219 1320 1280 vt
1332 1235 1409 1281 eam

206 1320 471 1410 desponsarent.
487 1317 678 1408 Respondit
687 1318 780 1410 quod
792 1343 943 1410 sponsus
956 1345 1042 1390 suus
1052 1325 1260 1416 tantasigna
1279 1329 1409 1395 amoris

206 1437 273 1506 sihi
289 1434 488 1505 ostenderat
501 1443 538 1503 vt
553 1437 815 1525 imperpetuum
829 1436 940 1505 alium
956 1437 994 1504 in
1008 1459 1176 1528 sponsum
1192 1463 1264 1508 non
1283 1441 1409 1511 admit-

205 1559 307 1623 teret.
330 1553 367 1621 Si
387 1557 505 1620 autem
524 1551 736 1641 quandoque
756 1558 896 1642 propter
920 1553 1146 1645 fragilitatem
1162 1578 1263 1624 mens
1282 1581 1346 1626 sua
1365 1581 1408 1626 ex

205 1669 443 1739 delectacione
457 1667 548 1735 tleoti
561 1667 744 1759 inciperet,
755 1671 873 1735 statim
894 1691 1053 1760 surgens,
1062 1692 1237 1739 cameram
1246 1673 1405 1757 intrauit,

205 1808 305 1854 arma
323 1783 444 1874 sponsi
459 1781 630 1874 sanguine
645 1805 802 1872 respersa
820 1784 977 1866 intuens,
992 1790 1027 1853 et
1042 1792 1192 1854 mortem
1213 1790 1332 1878 sponsi
1345 1812 1407 1882 pro

206 1902 319 1970 nimio
330 1921 449 1969 amore
462 1898 619 1981 delleuit;
637 1904 672 1966 et
689 1899 739 1967 sic
756 1900 872 1967 omnis
887 1901 1051 1969 voluntas
1066 1903 1218 1970 cessauit
1234 1904 1403 1974 nubendi.

271 2015 421 2085 mistice.
447 2013 538 2095 Quid
554 2037 616 2104 per
630 2014 783 2103 puellam
799 2037 947 2106 regnum
968 2039 1135 2085 amenum
1154 2019 1404 2109 possidentem,

206 2133 274 2201 nisi
282 2138 446 2200 naturam
462 2130 655 2198 humanam
669 2130 706 2198 in
715 2130 874 2222 paradiso
886 2133 1105 2217 existentem,
1118 2134 1317 2225 intelliges?
1327 2136 1404 2205 Fuit

206 2249 302 2317 enim
323 2255 450 2316 natura
466 2246 633 2329 humana,
652 2247 689 2313 in
704 2251 797 2314 statu
813 2247 1030 2329 innocencie,
1048 2247 1203 2338 potentia
1218 2250 1403 2320 resistendi
1421 2325 1427 2336 ,

204 2363 417 2433 aduersariis
437 2369 472 2431 et
492 2360 631 2430 diuieiis
646 2361 891 2450 spiritualibus
910 2385 931 2429 a
951 2363 1021 2430 Deo
1035 2362 1127 2431 data.
1149 2364 1249 2433 Vnde
1265 2366 1405 2458 :lngus-

203 2479 359 2570 tinusuin
387 2477 538 2570 quadam
564 2476 774 2568 [hlomeliaz
801 2478 968 2567 Princeps
993 2478 1176 2557 vitiorum,
1211 2481 1297 2550 dum
1319 2482 1405 2552 vicit

200 2595 325 2680 Adam,
343 2594 385 2663 de
405 2595 490 2662 limo
505 2600 596 2662 torre
616 2593 659 2661 ad
672 2594 864 2685 imaginem
874 2594 1268 2687 Deifactum,fpudicitia
1288 2622 1404 2668 arma-

202 2719 290 2795 tum,
315 2710 552 2800 temperancia
576 2709 819 2799 compositum,
844 2710 987 2778 caritate
1014 2710 1249 2800 splendidum,
1270 2715 1403 2803 primos

201 2834 365 2919 parentes
380 2826 478 2894 illius
497 2823 599 2893 donis
611 2847 651 2893 ac
667 2824 768 2892 bonis
787 2827 895 2893 tantis
910 2827 1076 2917 spoliauit
1091 2827 1289 2919 pariterque
1304 2853 1402 2920 pere·

201 2945 278 3012 mit.
292 2944 482 3034 Postquam
492 2948 611 3010 autem
626 2947 752 3009 natura
762 2940 967 3010 humanade
979 2941 1139 3031 paradiso
1154 2945 1264 3012 eiecta
1273 2945 1399 3032 tuerat,

201 3057 262 3127 diu
278 3059 317 3125 in
332 3062 535 3147 paupertate
554 3057 747 3156 eqmiseria
766 3057 845 3124 tuit.
867 3056 1058 3126 Adamauit
1078 3081 1156 3127 earn
1175 3065 1293 3129 tamen
1308 3061 1401 3131 filius

198 3173 376 3257 altissimi,
393 3173 528 3241 scilieet
547 3173 626 3254 θεὴ
648 3173 740 3241 sicut
765 3171 894 3241 dicitur·
915 3194 922 3241 :
944 3173 1094 3242 Caritate
1117 3176 1271 3265 perlecta
1290 3177 1398 3247 dilexi

199 3297 252 3373 te3
273 3289 354 3358 ideo
368 3289 494 3358 attraxi
518 3294 551 3357 te
568 3288 742 3355 miserans
764 3289 824 3378 (1).
843 3287 969 3372 Quam,
992 3290 1128 3358 seilicet
1149 3291 1272 3376 tiliam,
1288 3295 1401 3363 incar-

199 3407 343 3475 natione
362 3405 599 3496 desponsauit.
625 3404 738 3471 Filius
753 3411 873 3472 autern
899 3405 961 3472 Dei
984 3405 1021 3472 in
1043 3411 1183 3474 tantum
1208 3407 1398 3478 humanam

198 3499 363 3591 naturam
377 3521 445 3588 sibi
464 3521 580 3588 vniuit
599 3542 710 3610 vsque
729 3518 772 3587 ad
792 3526 953 3602 mortem,
975 3527 1011 3588 et
1030 3522 1060 3588 si
1080 3522 1200 3590 anima
1219 3546 1240 3591 a
1256 3546 1398 3616 corpore

196 3636 485 3726 tueritseparata,
498 3636 617 3704 anima
628 3642 746 3703 tamen
761 3641 797 3703 et
810 3658 936 3725 eorpus
948 3637 986 3703 in
997 3635 1113 3705 triduo
1123 3636 1243 3705 deitati
1254 3641 1400 3709 luerunt

197 3754 308 3822 vnita.
331 3753 498 3844 Pugnans
518 3751 706 3832 Deillius,
728 3750 902 3834 Christus,
919 3750 1006 3820 deus
1025 3758 1061 3819 et
1083 3752 1201 3836 homo,
1224 3776 1304 3822 cum
1326 3754 1413 3824 dia-⁴

198 3867 293 3952 bolo,
310 3868 349 3934 in
363 3868 472 3958 prelio
492 3867 629 3935 occisus
648 3874 713 3949 est,
735 3873 769 3935 et
783 3889 826 3934 ex
840 3864 987 3935 victoria
1007 3868 1083 3935 eius
1107 3867 1181 3956 (tol.
1199 3869 1254 3959 dl)
1272 3876 1398 3940 natura

196 3983 354 4053 humana
368 3982 405 4050 in
416 4005 566 4074 regnum
581 3982 706 4051 celeste
722 3990 775 4050 est
794 3981 1003 4051 introducta.
1024 3983 1132 4051 Arma
1147 3985 1258 4075 igitur
1275 3989 1395 4075 sponsi

196 4101 311 4169 nostri
325 4098 468 4181 Christi,
485 4099 546 4189 qui
561 4104 612 4165 tot
625 4105 659 4166 et
675 4103 770 4166 tanta
785 4099 886 4189 signa
899 4096 1099 4167 dilectionis
1114 4099 1217 4168 nobis
1230 4100 1394 4185 ostendit,

195 4216 233 4283 in
242 4219 506 4284 cameranostra
514 4214 760 4295 secretissima,
768 4213 947 4282 scilieetin
956 4214 1252 4299 corde,memoria
1262 4224 1394 4301 nostra,

196 4329 298 4420 silnlt
315 4352 480 4422 appensa,
498 4328 625 4397 cotidie
644 4330 756 4397 oculis
773 4336 891 4396 nostre
907 4329 1036 4397 mentis
1053 4329 1250 4414 obicienda,
1272 4355 1396 4400 seeun-

196 4444 281 4515 dum
301 4444 416 4514 illud:
438 4445 530 4514 Mors
545 4444 663 4512 dilecti
682 4444 766 4527 mei,
779 4467 884 4534 quam
904 4466 965 4533 pro
981 4445 1094 4513 salute
1114 4469 1193 4515 mea
1213 4447 1393 4532 sustinuit,

248 4607 287 4680 (t)
303 4606 462 4678 Prophetie
477 4605 513 4661 de
528 4605 709 4675 deremet).
724 4604 798 4673 rin,
814 4622 840 4660 v.
858 4608 883 4660 3.
