3270 5626
310 489 482 541 NlCOLAl
506 489 639 542 BOZON
668 490 866 543 exaltem
896 490 1091 549 QUAEDAM.
1258 494 1305 543 268

100 634 215 725 magis
233 640 335 702 utere
349 634 484 703 scilicet
500 635 682 717 servitute,
695 633 890 703 secundum
909 636 1056 726 glosam,
1070 637 1166 727 quia,
1179 659 1305 705 secun-

101 749 186 818 dum
202 748 380 833 eumdem,
402 750 464 842 qui
483 758 626 819 vocatus
646 758 699 819 est
717 773 840 819 servus
859 750 1008 820 libertus
1028 758 1082 872 est
1102 751 1257 820 Domini.

306 992 392 1048 x111.
420 1024 457 1037 -
483 993 582 1064 [cro
612 992 766 1049 eureus
796 993 843 1048 ar
872 993 1017 1065 curua]
1051 993 1100 1066 (r).

169 1168 259 1258 (Fol.
278 1168 384 1260 itit.)
404 1169 575 1239 Narratur
598 1170 690 1261 quod
713 1171 794 1251 Leo,
817 1169 940 1239 Pullus
965 1177 999 1239 et
1022 1171 1132 1261 Capra
1155 1171 1299 1262 predam

98 1284 271 1353 deberent
288 1282 458 1369 dividere,
476 1285 610 1354 scilicet
624 1309 737 1354 unum
757 1286 910 1354 vitulum
930 1309 1037 1378 quem
1057 1294 1197 1377 ceperat
1217 1288 1299 1372 Leo,

98 1406 133 1467 et
152 1399 244 1468 dixit
262 1399 330 1467 Leo
353 1399 431 1469 :Ad
446 1423 502 1468 me
522 1402 674 1491 pertinet
689 1424 769 1492 pars
785 1402 892 1470 tercia
905 1402 1010 1491 prede
1031 1403 1171 1471 racione
1189 1403 1303 1471 domi-

98 1517 150 1584 nii
171 1523 207 1584 et
229 1515 340 1585 altera
361 1539 440 1607 pars
459 1517 567 1586 tercia
586 1518 696 1585 michi
715 1519 879 1608 pertinet,
896 1519 980 1608 quia
1001 1519 1143 1609 predam
1159 1520 1249 1609 cepi,
1268 1525 1302 1586 et

98 1653 161 1721 pro
181 1631 251 1700 alia
266 1632 375 1701 tercia
394 1639 491 1722 parte
510 1639 648 1722 oportet
662 1656 718 1701 me
734 1656 904 1725 pugnare.
921 1674 965 1684 -
983 1635 1073 1717 Non,
1097 1657 1181 1718 non,
1204 1633 1303 1703 dixe·

99 1753 182 1816 runt
202 1747 265 1815 alii
283 1754 465 1816 :vestrum
485 1749 560 1837 (fol.
583 1750 672 1840 123⁸)
689 1750 735 1817 sit
754 1755 879 1832 totum,
897 1750 973 1818 sine
994 1748 1182 1832 divisione,
1202 1750 1301 1840 (quia

98 1885 164 1931 nec
179 1864 324 1949 scimus,
341 1886 407 1933 nec
425 1864 596 1933 audemus
615 1872 736 1933 contra
751 1871 784 1933 te
805 1865 1045 1958 pu(n)gnare).

168 1978 219 2047 lta
240 1985 294 2047 est
313 1979 356 2048 de
375 1979 538 2071 pluribus
557 1980 746 2049 heredibus
763 2001 772 2047 :
789 1980 929 2072 quando
949 1988 1033 2050 sunt
1051 1980 1203 2050 ordinati
1220 2003 1301 2048 exe·

97 2100 250 2178 cutores,
264 2095 434 2165 habentes
444 2096 622 2187 simplices
638 2096 775 2188 aliquos
790 2119 909 2165 secum
924 2097 966 2166 de
982 2098 1107 2187 patria,
1125 2096 1249 2165 dicunt
1263 2097 1300 2165 in

98 2209 274 2280 divisione
302 2211 475 2280 bonorum
497 2234 505 2281 :
528 2211 582 2281 Ad
606 2235 669 2281 nos
698 2213 850 2304 pertinet
873 2214 980 2282 tercia
1002 2235 1081 2302 pars
1103 2212 1298 2281 secundum

94 2324 176 2414 jura
192 2327 306 2417 regni,
323 2326 432 2395 altera
452 2349 532 2417 pars
547 2327 695 2396 debetur
716 2328 799 2395 filiis
819 2329 960 2411 nostris,
988 2335 1022 2396 et
1041 2349 1103 2417 pro
1122 2334 1219 2417 parte
1240 2326 1301 2395 de·

97 2442 211 2510 functi
232 2449 369 2532 oportet
388 2465 558 2534 pugnare,
575 2443 678 2512 idest
698 2444 863 2535 placitare
884 2444 939 2512 vel
957 2443 1180 2512 contendere.
1203 2443 1300 2511 Tunc

98 2556 222 2626 dicunt
241 2558 420 2649 simplices
440 2557 519 2625 illi:
544 2557 708 2626 Vestrum
737 2561 782 2626 sit
807 2560 996 2650 integrum,
1017 2559 1101 2650 quia
1117 2558 1298 2628 vobiscum

98 2672 311 2741 contendere
331 2696 402 2741 non
423 2680 476 2742 est
495 2696 633 2742 sanum.
656 2674 699 2742 Et
716 2675 766 2742 sic
781 2680 875 2765 patet
895 2675 1016 2743 miseri
1037 2674 1192 2743 hominis
1213 2674 1300 2742 stul-

98 2789 180 2857 ticia
194 2788 393 2858 manifesta.

379 3021 458 3077 xiv.
488 3051 524 3061 -
552 3021 692 3093 [curus
720 3024 768 3077 ur
798 3022 939 3094 rurus]
967 3023 1016 3096 (e).

165 3198 254 3288 (Fol.
268 3199 372 3289 tw.)
386 3199 513 3290 Lepus,
527 3222 607 3268 cum
623 3223 727 3269 canes
742 3200 869 3270 latrare
885 3199 1037 3269 audierit
1047 3208 1082 3269 et
1092 3207 1296 3269 venatorem

100 3336 208 3382 cornu
227 3336 365 3396 souare,
387 3315 506 3407 fugam
526 3317 630 3406 capit,
652 3339 732 3385 cum
752 3316 848 3384 aliud
872 3317 1049 3408 refugium
1073 3338 1145 3384 non
1171 3315 1298 3385 habeat

100 3431 166 3498 nisi
183 3430 405 3499 velocitatem
420 3431 550 3521 pedum
570 3454 727 3513 suorum,
745 3434 829 3522 quia
844 3456 908 3501 nec
923 3439 1064 3522 propter
1079 3431 1225 3500 donaria
1240 3431 1297 3500 vel

100 3546 272 3636 promissa
287 3552 472 3635 parcerent
485 3546 552 3615 sibi
568 3570 684 3631 canes,
702 3548 732 3614 si
747 3547 828 3616 illos
843 3553 1052 3638 expectaret,
1071 3555 1136 3616 etc.
1156 3548 1299 3615 Faciant

101 3663 147 3731 sic
159 3662 312 3753 juvenes
331 3664 443 3731 nostri
462 3685 469 3730 :
487 3686 568 3731 curn
588 3663 813 3733 mulierculas
828 3664 995 3733 ducentes
1010 3687 1129 3732 coreas
1145 3662 1298 3731 viderint

103 3784 134 3844 et
147 3776 326 3846 audierint
346 3785 550 3847 venatorem
570 3802 679 3848 cornu
699 3787 895 3863 sonantem,
919 3780 953 3849 id
973 3787 1025 3848 est
1040 3778 1294 3847 ministrallum

104 3893 215 3962 fistula
229 3900 429 3978 canentem,
440 3895 513 3986 (fol.
526 3895 617 3982 lete)
630 3895 686 3964 vol
697 3895 791 3964 aliud
806 3919 918 3987 genus
933 3894 1082 3964 melodie
1094 3895 1293 3977 facientem,

107 4010 216 4077 statim
244 4009 382 4101 fugiant
400 4033 445 4078 nc
468 4012 653 4102 capiantur
671 4017 705 4079 et
725 4013 829 4080 morti
849 4010 1045 4095 tradantur,
1063 4009 1165 4102 juxta
1184 4009 1298 4077 consi·

109 4122 187 4192 lium
199 4125 358 4215 Apostoli
369 4124 518 4194 dicentis
528 4126 575 4216 (3)
587 4149 594 4196 :
607 4126 729 4218 Fugite
746 4128 1030 4209 fornicacionem,
1049 4133 1084 4194 et
1094 4147 1165 4193 non
1180 4124 1295 4193 solum

112 4237 211 4325 iactis,
233 4241 294 4309 sed
314 4263 457 4309 omnem
477 4243 708 4311 occasionem.
734 4242 787 4311 Ab
811 4244 908 4311 omni
934 4243 1048 4333 specie
1073 4240 1166 4309 mala
1192 4239 1298 4308 absti-

156 4402 192 4473 (ll
208 4404 368 4474 Comparez
382 4403 486 4467 Eudes,
503 4403 522 4458 f.
540 4420 584 4468 xx,
600 4406 638 4461 De
653 4405 742 4460 leone
757 4412 784 4460 et
796 4408 874 4476 Lupo
889 4412 915 4459 et
932 4407 1017 4476 Votpe
1034 4402 1081 4476 (et)
1101 4401 1298 4459 venatoribus.

157 4491 192 4562 lt)
207 4493 367 4563 Comparez
383 4492 488 4560 Eudes,
505 4493 612 4558 f.1.vur,
631 4497 667 4550 lle
681 4497 856 4551 contentione
873 4497 940 4566 erpi
954 4501 980 4550 et
997 4495 1116 4564 leporis.

157 4580 192 4649 tt)
208 4581 297 4652 Epist.
311 4581 373 4636 lod
385 4582 555 4648 Corinthios,
569 4585 599 4639 C.
617 4600 655 4648 rr,
673 4600 698 4638 v.
718 4586 761 4639 18.
