3270 5626
215 486 262 537 864
543 482 694 535 onoltts
720 481 897 537 FABULIS
922 480 1089 542 Annlnn,

217 628 308 697 tieus
324 627 437 695 tilium
452 624 715 716 patrisfamilias
735 626 848 694 toxico
869 625 1005 693 infecit.
1027 622 1141 704 Quam
1160 621 1311 713 quidem
1324 631 1418 692 catu-

217 742 293 811 lum
308 741 352 810 ob
371 747 506 810 tantam
521 739 812 832 ingratitudinem
827 741 866 808 in
880 739 1063 830 presencia
1076 737 1420 809 circumsedencium

201 864 328 926 mater
342 855 533 925 crudeliter
542 856 729 939 interfecit,
739 863 785 940 et,
795 856 899 946 quasi
915 855 1044 925 rubore
1059 860 1095 923 et
1110 853 1245 945 pudore
1261 855 1418 937 confusa,

218 973 255 1041 in
267 994 444 1042 cameram
459 970 563 1041 rediit
577 994 643 1040 nec
657 971 748 1040 vitro
763 971 971 1061 comparuit.

287 1088 477 1158 Conclusio.
499 1087 550 1156 Ex
570 1110 639 1178 quo
659 1087 697 1155 in
717 1086 779 1156 tali
801 1086 914 1155 bestia
936 1092 1036 1155 tantu
1057 1084 1135 1177 (sic)
1158 1083 1276 1177 pudor
1295 1083 1419 1168 extitit,

217 1202 310 1294 quod
325 1202 578 1295 ingratitudine
590 1202 736 1272 confusa
751 1225 936 1292 nunquam
951 1201 1161 1292 comparuit,
1179 1200 1299 1270 multo
1314 1201 1421 1291 magis

217 1319 319 1388 nobis
330 1318 617 1400 racionabilibus,
628 1326 700 1388 tam
711 1341 834 1387 versus
845 1319 971 1400 Deum,
983 1341 1004 1386 a
1016 1339 1086 1407 quo
1101 1316 1226 1386 omnia
1234 1314 1419 1398 habemus,

216 1458 324 1527 quam
339 1458 462 1504 versus
478 1435 581 1504 nobis
595 1434 867 1516 benefacientes,
886 1431 1103 1525 ingratitudo
1118 1431 1340 1523 imponenda
1357 1438 1418 1512 est,

215 1557 251 1619 et
264 1550 469 1619 erubescere
480 1557 655 1634 tenemur,
668 1548 808 1641 quando
819 1548 978 1620 debitum
988 1554 1151 1620 nostrum
1164 1546 1419 1616 benefaciendo

218 1688 290 1734 non
305 1666 555 1756 persoluimus.

218 1940 239 1994 V
268 1939 429 2012 (XXXIX).
458 1972 494 1981 -
522 1941 574 1996 DE
604 1941 737 1997 BEATO
765 1939 978 1997 GEEGORIO
1010 1939 1272 1996 sotlrtnlnn
1300 1939 1421 1996 vm!

345 2038 603 2107 PERAGENTE,
633 2039 821 2095 HABENTE
849 2038 988 2094 vasum
1016 2037 1283 2094 MANSUETUU.

289 2224 416 2292 Beatus
436 2223 638 2315 Gregorius,
660 2222 856 2294 solitariam
877 2225 986 2292 vitam
1006 2245 1179 2316 peragens
1198 2223 1309 2293 velud
1327 2222 1423 2292 bere·

219 2337 316 2423 mita,
338 2338 431 2408 fudit
449 2362 570 2430 preces
589 2339 633 2409 ad
652 2340 842 2409 Dominum
865 2346 904 2408 vt
922 2338 986 2408 sibi
1005 2338 1149 2408 daretur
1171 2340 1366 2430 quicquam
1388 2340 1422 2407 in

220 2454 403 2539 solacium,
414 2461 459 2539 ct,
477 2454 661 2547 egrediens
678 2455 874 2534 oraculum,
888 2455 1017 2523 Vrsum
1037 2456 1169 2546 reperit
1183 2462 1421 2535 mansuetum,

221 2570 406 2640 cuicuram
415 2571 538 2640 ouium
548 2594 705 2654 suarum,
719 2593 911 2661 paucarum
926 2570 1020 2654 licet,
1030 2571 1222 2653 commisit,
1231 2570 1301 2639 sibi
1312 2571 1424 2639 iniun-

220 2708 306 2777 gens
321 2693 359 2754 vt
373 2685 523 2780 singulis
541 2685 678 2771 diebus,
700 2685 788 2755 bora
810 2685 945 2778 praudij
965 2685 1111 2755 domum
1131 2685 1287 2770 rediens,
1305 2708 1422 2755 secum

220 2809 437 2886 vesceretur;
450 2801 542 2892 quod
557 2802 690 2870 factum
705 2811 768 2871 est.
784 2801 922 2871 Etcum
943 2809 1085 2871 sanctus
1100 2824 1305 2872 memorans
1321 2824 1424 2892 super

223 2915 288 2986 hoc
302 2940 384 2985 casu
402 2940 473 2984 non
488 2916 667 2986 modicum
683 2917 950 3002 iocundabatur,
969 2918 1079 2986 vicini
1094 2916 1238 3008 quidem
1255 2917 1423 3008 languore

225 3039 259 3099 et
272 3031 383 3100 liuore
399 3042 667 3116 marcescentes,
680 3033 885 3109 occiderunt
900 3035 1040 3102 Vrsum.
1053 3033 1227 3106 Ceterum.
1246 3056 1329 3102 cum
1342 3032 1423 3100 bora

224 3153 391 3215 consucta
410 3148 519 3214 Vrsus
544 3172 616 3216 non
639 3148 779 3231 rediret,
805 3157 947 3217 sanctus
970 3150 1184 3238 stupefactus
1213 3138 1364 3216 telendit
1384 3146 1423 3215 ad

224 3284 366 3350 pascua;
392 3268 437 3344 et,
471 3264 599 3331 Vrsum
629 3264 851 3331 interfectum
885 3264 1086 3346 aduertens,
1118 3262 1329 3331 condolebat
1357 3286 1423 3330 non

224 3376 338 3443 solum
354 3399 459 3466 super
478 3378 721 3446 interfectione
743 3379 865 3462 bestie,
884 3379 1129 3446 verumetiam
1149 3401 1256 3467 super
1277 3379 1424 3469 peccatis

223 3492 520 3574 interficientium,
543 3503 589 3575 et,
612 3517 732 3562 cuma
756 3494 908 3585 quodam
931 3493 1185 3585 billl)are1·elur
1209 3500 1244 3561 et
1269 3495 1423 3562 consola·

225 3614 331 3689 retur,
350 3609 529 3697 respondit
556 3632 591 3676 se
615 3632 676 3698 pro
699 3633 781 3677 casu
804 3609 1092 3678 interficientium
1122 3611 1283 3699 proximo
1311 3611 1424 3677 futuro

224 3707 314 3791 vltra
346 3724 489 3793 modum
524 3726 751 3815 perterlrleri.
786 3725 862 3805 Quo
892 3726 1002 3807 linito,
1033 3726 1129 3816 lepra
1157 3724 1318 3814 percussi
1345 3732 1424 3791 sunt

227 3838 472 3928 ignominiosa.

319 4115 356 4167 vr
386 4115 466 4185 (xe).
498 4145 533 4153 -
561 4113 784 4169 uxuuruuu
815 4114 995 4169 ansatur
1024 4114 1155 4169 sunna
1186 4115 1339 4169 arinen.

292 4307 481 4375 Ansolmus
501 4331 560 4375 cor
575 4307 772 4376 humanum
789 4307 992 4381 molendino
1007 4329 1145 4397 semper
1158 4307 1286 4376 molire
1301 4311 1427 4378 cousti-

228 4427 302 4488 luto
323 4430 500 4511 comparat
521 4426 713 4513 signanter,
736 4423 829 4514 quod
848 4423 1011 4490 domiuus
1026 4445 1129 4490 seruo
1147 4447 1210 4490 suo
1235 4427 1424 4506 commisit,

227 4542 265 4604 vt
288 4559 386 4604 suam
408 4561 585 4608 annonam
606 4546 744 4608 tantum
765 4540 890 4621 molat;
911 4538 1015 4629 quod,
1033 4561 1115 4606 cum
1132 4562 1286 4608 vacuum
1309 4542 1424 4622 luerit,
