3270 5626
218 485 265 536 3⁹8
546 479 698 530 ODONIS
726 478 902 529 FABULIS
930 478 1094 536 Anum.

180 663 184 672 =
219 648 357 716 semper
373 625 409 692 in
429 623 601 692 memoria
615 645 694 691 mea
707 621 918 690 versabitur.
936 622 995 690 Set
1009 622 1123 691 eciam
1138 624 1280 693 inimici
1297 628 1416 710 nostri,

219 744 261 811 ad
276 739 484 810 delectabile
495 737 703 822 allicientes,
715 762 780 806 nos
788 737 999 829 desponsare
1009 739 1146 808 volunt.
1161 740 1417 811 Conuortamus

219 857 339 927 oculos
359 855 489 924 mentis
509 852 552 922 ad
571 876 670 922 arma
687 854 806 944 sponsi
826 855 937 922 nostri
957 856 1133 946 sanguine
1151 878 1331 946 respersa:
1349 880 1422 926 ces-

219 973 310 1042 sabit
328 971 445 1039 omnis
464 992 658 1039 consensus
672 976 708 1038 et
721 969 907 1039 delectatio
926 968 970 1038 ad
985 970 1219 1061 peccandum.

286 1223 335 1277 xv
365 1220 528 1293 (xcviii).
559 1251 594 1260 -
623 1221 673 1275 oa
700 1219 871 1284 occasa
899 1219 1121 1277 sommare
1144 1222 1227 1278 rra
1257 1222 1358 1278 vrrs

588 1317 848 1374 rarssrsnrn
875 1316 934 1389 (aa)
964 1319 1047 1374 arc.

285 1496 435 1578 Quidam
462 1495 651 1576 solitarius,
679 1495 863 1586 perviam
889 1494 1075 1578 transiens,
1098 1519 1211 1565 vnum
1235 1506 1418 1590 peccatum

219 1636 255 1681 se
274 1613 450 1680 facturum
475 1612 512 1679 in
534 1609 636 1679 corde
659 1611 877 1695 reuolucbat,
899 1617 932 1678 et
952 1612 1098 1680 veniens
1120 1613 1220 1682 iuxta
1241 1613 1417 1706 quoddam

218 1751 344 1796 nemus
360 1729 396 1794 in
412 1728 475 1795 tali
487 1727 701 1818 cogitacione
722 1726 981 1816 perseuerabat‚
1000 1733 1034 1795 et
1048 1727 1136 1796 vidit
1149 1727 1338 1798 diabolum
1353 1731 1416 1799 sub

218 1842 369 1935 quadam
389 1841 511 1911 arbore
533 1841 758 1910 scribentem.
777 1841 839 1911 Cui
859 1840 1003 1910 accessit
1016 1848 1051 1910 et
1068 1843 1153 1934 quid
1175 1844 1349 1914 scriberet
1365 1847 1416 1914 in-

219 1959 385 2050 quesiuit.
409 1959 477 2040 Qui
502 1956 705 2048 respondit:
733 1958 877 2025 Peccata
896 1963 956 2026 tna
978 1958 1104 2042 scribo,
1126 1965 1160 2027 ot
1183 1962 1414 2054 cogitaciones

218 2074 441 2165 turpissimas
466 2096 552 2164 quas
574 2072 707 2141 dudum
730 2073 902 2163 cogitasti.
925 2073 971 2140 lt
989 2073 1060 2156 ille,
1084 2075 1273 2162 contritus,
1295 2100 1411 2171 parum

218 2191 260 2260 ab
281 2190 343 2258 illo
362 2212 399 2257 se
419 2189 565 2257 diuortit
583 2195 618 2256 et
642 2211 703 2278 pro
724 2189 875 2278 peccatis
909 2188 981 2257 suis
1004 2189 1168 2259 lacrimas
1190 2191 1297 2278 rudit,
1321 2199 1356 2263 et
1372 2194 1410 2263 ad

218 2308 335 2396 ipsum
356 2329 392 2373 se
413 2310 636 2385 conuertens,
659 2304 891 2396 interrogauit
913 2305 1043 2373 iterum
1066 2305 1152 2397 quid
1175 2306 1219 2375 do
1243 2309 1321 2400 ipso
1342 2333 1412 2378 sen·

218 2421 308 2489 tiret.
328 2421 397 2503 Qui
412 2421 501 2490 dixit
518 2441 525 2488 :
543 2420 619 2488 Heu
640 2419 765 2487 michi!
787 2420 872 2511 quia
892 2443 1000 2511 paruo
1020 2444 1111 2512 aqua
1130 2422 1244 2492 calida
1260 2425 1409 2494 rotulum

218 2560 337 2606 meum
362 2537 451 2605 lauit
469 2542 504 2605 et
522 2536 640 2604 omnia
660 2557 728 2625 que
750 2534 791 2604 do
816 2542 849 2603 te
873 2537 995 2626 scripsi
1023 2539 1168 2606 omnino
1196 2539 1343 2609 deleuit.
1376 2542 1408 2609 Et

217 2654 444 2723 contristatus
463 2652 581 2721 statim
602 2651 760 2718 euanuit.

268 2899 336 2954 XVI
366 2898 493 2969 (xclx).
524 2929 558 2937 -
585 2898 635 2952 DE
664 2898 831 2964 QUADAM
860 2898 1040 2954 natissa
1068 2898 1204 2954 Torani
1235 2901 1360 2957 VlTAll

434 2996 540 3049 SUAM
567 2996 801 3050 Al‘lllllENTE
830 2996 903 3051 SUO
932 2996 1195 3052 CONFESSOlll.

282 3173 438 3254 Quodam
461 3173 588 3239 molier
602 3180 709 3240 totam
727 3174 834 3240 vitam
855 3197 955 3241 suam
972 3176 1109 3263 aperuit
1127 3198 1191 3241 suo
1207 3179 1407 3247 consessori.

216 3294 358 3377 excepto
380 3311 447 3355 vno
463 3290 537 3354 solo
553 3294 693 3376 peccato
709 3287 801 3377 quod
822 3290 1045 3357 commiserat
1060 3292 1095 3356 in
1111 3289 1314 3368 iuuentute,
1326 3292 1409 3383 qnod

215 3427 277 3494 pro
293 3403 504 3472 verecundia
519 3404 676 3471 confiteri
693 3427 762 3470 non
779 3404 928 3472 audebat
943 3405 1166 3473 necrololtat.
1181 3408 1315 3476 Tamen
1331 3410 1412 3477 mul·

217 3527 267 3588 tas
283 3520 586 3611 peregrinacionos
603 3525 637 3586 ot
656 3543 782 3610 graues
797 3521 1008 3610 penitentias
1031 3523 1124 3589 lecit.
1142 3523 1301 3592 Tandem
1318 3533 1411 3593 nocte

215 3636 365 3726 quadam
390 3637 594 3724 sompnions
622 3635 804 3703 videbatur
833 3635 899 3703 sibi
930 3636 1070 3704 lhesum
1094 3637 1279 3723 aduenire,
1306 3641 1410 3732 ipsam

215 3754 411 3843 alloquens,
429 3752 577 3819 vulnera
593 3751 792 3834 ostendens,
811 3760 845 3819 et
859 3751 947 3819 dixit
963 3754 994 3820 oi
1013 3775 1020 3820 :
1039 3753 1136 3820 Mitto
1152 3777 1304 3824 manum
1321 3763 1410 3826 tuam

217 3870 252 3935 in
280 3869 371 3936 latus
397 3891 513 3935 meum
538 3876 572 3935 et
601 3867 680 3935 vide
705 3875 877 3957 quantum
902 3892 962 3958 pro
985 3876 1017 3936 to
1043 3871 1209 3954 sustinui,
1238 3879 1410 3942 ettamen

215 3983 325 4052 nichil
346 3983 485 4073 prodest
505 4006 568 4050 nec
588 3983 754 4072 proderit,
777 3985 846 4049 nisi
869 3989 904 4050 tn
926 3985 1013 4052 illud
1034 3993 1215 4076 peccatum
1237 3991 1409 4058 occultum

217 4101 443 4168 rouelaueris.
473 4100 548 4179 Qua
574 4100 816 4187 expergefacta
843 4106 876 4166 et
903 4107 1081 4188 stupente,
1109 4105 1241 4191 reperit
1270 4129 1409 4174 manum

215 4240 314 4283 suam
336 4216 655 4306 sanguinolentam,
673 4237 778 4303 qnam
794 4237 859 4282 nec
874 4239 963 4306 aqua
984 4241 1047 4285 ner
1068 4218 1137 4286 alio
1153 4219 1293 4310 liquore
1314 4246 1410 4290 mun-

215 4331 295 4405 dare
319 4334 431 4421 potuit
461 4355 480 4397 a
508 4332 691 4420 sanguine.
723 4334 798 4410 Quo
823 4331 908 4413 viso,
935 4333 1073 4399 cuidam
1100 4334 1251 4404 discreto
1272 4336 1358 4406 adiit
1381 4343 1406 4405 et

216 4469 290 4513 rem
307 4456 441 4537 gestam
459 4454 493 4514 el
503 4453 684 4536 peccatum
702 4446 833 4514 tamdiu
850 4449 1027 4515 occultum
1044 4450 1207 4519 ostendit.
1220 4454 1298 4533 Quo
1312 4455 1405 4522 lacto.

215 4584 342 4629 manus
364 4587 426 4630 sua
446 4564 511 4629 snit
528 4586 546 4628 a
562 4562 733 4651 sanguine
756 4562 898 4631 nrunda.
951 4631 954 4636 ,
