3270 5626
396 480 441 529 286
623 477 775 528 ODONIS
800 478 852 529 DE
880 479 1091 532 CERITONA
1118 482 1370 535 PARABOLAE.

396 623 513 691 sinum
533 645 638 691 suum
657 621 700 689 ad
716 621 993 691 calefaciendum
1018 632 1173 714 poneret.
1192 624 1260 706 Qui
1285 626 1501 716 respondit:
1524 628 1602 696 Pro·

396 741 495 807 mitte
514 737 607 829 quod
628 737 716 806 mihi
737 762 810 807 non
832 738 987 808 nocebis.
1006 741 1244 811 Promissione
1266 742 1370 821 facta,
1389 745 1512 832 posuit
1535 768 1601 814 ser-

395 861 534 944 pentem
549 856 587 923 in
603 855 721 922 sinum
735 877 852 922 suum.
861 855 1011 945 Serpens
1020 879 1105 926 uero
1118 857 1308 926 calefactus
1321 858 1441 947 ipsum
1455 882 1602 929 momor-

394 969 446 1037 dit
459 974 494 1037 et
505 971 724 1039 intoxioauit.
744 971 786 1038 Et
804 971 852 1038 ait
868 973 1020 1062 serpenti
1039 994 1047 1043 ε
1065 972 1177 1054 Quare
1197 980 1318 1042 contra
1332 973 1436 1042 fedus
1451 977 1597 1044 nocuisti

396 1083 505 1153 mibi?
519 1085 561 1153 Et
581 1084 760 1174 respondit
779 1109 923 1176 serpens
945 1108 953 1156 :
974 1086 1144 1156 Naturam
1164 1110 1280 1156 meam
1306 1111 1450 1180 semper
1469 1099 1599 1182 oportet

395 1223 450 1270 me
465 1201 652 1290 complere,
670 1202 837 1292 quoniam
858 1202 1055 1271 humanum
1069 1226 1179 1296 genus
1200 1225 1351 1295 semper,
1369 1227 1452 1273 cum
1469 1214 1594 1297 potero,

395 1317 532 1385 infesto.

461 1433 546 1541 llere
579 1437 704 1500 natura
728 1430 871 1515 diaboli,
899 1434 955 1502 cui
982 1456 1166 1525 nunquam
1191 1435 1276 1506 fides
1300 1442 1354 1509 est
1386 1435 1592 1521 adhibenda,

394 1549 489 1639 quia,
511 1569 592 1615 cum
611 1549 752 1636 poterit,
770 1571 909 1639 semper
927 1548 1089 1619 homines
1112 1551 1306 1642 (interficit)
1322 1573 1467 1621 ueneno
1492 1553 1594 1621 inficit

393 1671 427 1731 et
442 1664 600 1731 animam
617 1663 793 1732 interficit.

429 1912 504 1968 LIV.
524 1940 558 1949 —
578 1910 627 1962 DE
646 1906 756 1962 JUSTl
780 1905 1025 1972 lNlUSTlQUE
1048 1906 1192 1962 ANlbllS
1216 1907 1355 1964 consu
1380 1908 1561 1966 Ennium

684 2005 731 2059 Ell
759 2004 950 2060 CORPORE
976 2003 1236 2060 EXEUNTlBUS
1256 2004 1303 2077 (l).

458 2192 607 2274 Quidam
623 2189 794 2259 heremita
808 2189 1021 2258 desiderauit
1036 2189 1156 2258 uidere
1172 2189 1278 2257 finem
1294 2191 1434 2275 iniusti,
1447 2193 1589 2283 qualiter

390 2312 501 2379 exiret
520 2309 649 2388 anima,
672 2313 705 2374 et
724 2306 831 2374 finem
845 2307 941 2374 iusti.
960 2305 1039 2390 Qui,
1057 2327 1137 2374 cum
1156 2304 1342 2374 duceretur
1361 2307 1399 2373 in
1420 2307 1587 2397 quandam

391 2427 581 2505 ciuitatem,
607 2429 641 2490 et
670 2422 828 2489 uenisset
855 2420 898 2489 ad
922 2421 1067 2490 domum
1096 2419 1280 2490 cuiusdam
1304 2420 1474 2490 ditissimi
1498 2445 1587 2514 egro

389 2542 509 2623 tantis,
534 2537 627 2607 uidit
652 2536 745 2627 quod
773 2536 875 2604 diuiti
897 2539 933 2604 in
961 2538 1127 2605 extremis
1152 2536 1326 2606 laboranti
1351 2536 1513 2607 diabolus
1534 2539 1586 2607 tri·

389 2656 555 2746 dentelm]
573 2676 684 2744 usque
704 2653 747 2721 ad
766 2650 881 2720 cordis
896 2653 1022 2719 intima
1037 2652 1165 2737 infixit,
1189 2660 1223 2722 et
1247 2675 1308 2743 per
1331 2654 1465 2722 multas
1490 2655 1586 2723 boras

388 2780 556 2864 torquens
592 2770 746 2838 animam
776 2767 1025 2836 miserabiliter
1054 2766 1235 2852 abstraxit,
1269 2776 1304 2837 et
1337 2768 1375 2836 in
1412 2770 1585 2839 insemum

388 2888 596 2980 deportarit.
615 2885 794 2966 Quonim,
813 2884 1017 2951 heremitaa
1037 2884 1112 2952 loco
1129 2885 1270 2952 recessit
1285 2891 1330 2967 et,
1349 2907 1412 2974 per
1427 2887 1525 2955 uicos
1542 2887 1586 2954 io·

388 3005 526 3085 cedens,
545 3002 769 3092 peregrinum
791 3000 867 3067 sine
880 2999 1059 3067 domicilio
1084 3001 1255 3068 iacentem
1276 3002 1312 3067 in
1335 3002 1416 3069 uico
1431 3003 1582 3088 inuenit.

387 3123 450 3191 Cui
472 3119 643 3188 heremita
670 3140 731 3206 per
755 3115 910 3184 triduum
932 3117 1159 3198 ministrauit,
1182 3123 1227 3193 et,
1249 3139 1329 3184 cum
1355 3116 1532 3185 laboraret
1554 3119 1582 3183 io

387 3233 614 3316 extremis,ad
626 3255 706 3299 eum
718 3232 817 3298 missi
828 3240 910 3299 sunt
924 3233 1040 3322 angeli
1052 3231 1226 3321 bliebialel
1239 3231 1437 3300 etGabriel.
1451 3233 1491 3300 Et
1504 3233 1581 3300 dixit

385 3354 474 3421 alter
491 3373 498 3418 :
516 3350 679 3417 Animam
700 3349 875 3439 peregrini
892 3353 1029 3438 oportet
1044 3371 1107 3414 nos
1123 3347 1281 3416 educere.
1300 3348 1495 3439 Respondit
1509 3349 1580 3417 reli·

385 3470 505 3560 giosus
525 3463 617 3556 quod
633 3487 758 3555 eorpus
779 3462 871 3532 istud
887 3464 961 3530 fieri
979 3465 1054 3530 sine
1070 3464 1231 3552 angustia
1251 3485 1322 3529 non
1345 3466 1528 3552 permittit.
1548 3464 1579 3530 Et

386 3581 563 3674 respondit
583 3604 651 3649 uox
671 3581 708 3647 in
728 3600 831 3648 aere:
854 3579 989 3646 Mittam
1007 3577 1109 3645 uobis
1129 3576 1379 3645 eucharistiam
1397 3586 1432 3646 et
1446 3579 1578 3669 angelos

385 3702 422 3768 in
447 3699 592 3767 musicis
616 3703 649 3764 et
675 3696 921 3762 instrumentis
943 3701 1123 3769 canentes
1149 3699 1187 3760 ut
1210 3693 1329 3760 anima
1350 3695 1527 3784 peregrini
1549 3695 1576 3759 io

384 3816 557 3884 suauitate
580 3833 745 3879 sonorum
767 3810 843 3876 sino
864 3810 1026 3898 angustia
1044 3810 1198 3897 corporis
1218 3809 1335 3876 ualeat
1354 3811 1470 3892 exire;
1494 3806 1575 3898 quod

383 3933 594 4000 factumest.

449 4047 518 4124 Sic,
538 4044 567 4110 si
583 4043 657 4108 ueri
677 4040 853 4130 peregrini
874 4041 1057 4120 fuerimus,
1076 4046 1114 4106 ut
1129 4037 1326 4128 predictum
1343 4046 1409 4123 est,
1427 4040 1571 4131 peregri-

382 4164 524 4231 natione
548 4160 650 4237 facta,
676 4156 818 4246 angelos
848 4155 903 4222 dei
931 4156 1152 4223 inueniemus
1182 4160 1332 4245 paratos,
1359 4157 1421 4245 q‘ui
1446 4157 1572 4224 animas

382 4285 518 4347 nostras
535 4277 570 4341 in
585 4273 722 4341 celestis
743 4273 836 4338 eurio
854 4271 1021 4360 palatium
1038 4270 1282 4360 deportabunt.
1356 4349 1368 4367 .

435 4477 472 4547 (l)
494 4476 587 4528 bieme
603 4485 733 4523 sermon.
