3270 5626
446 497 598 550 ODONIS
627 499 676 550 Dll
703 497 914 551 GERITONA
939 494 1184 548 PARABOLAE.
1373 505 1418 555 ³3³

320 724 471 780 Clllllll.
496 753 531 764 -
558 724 609 778 DE
635 723 789 779 DAVlDE
818 722 866 776 ΕΤ
892 721 1023 777 SERVO
1048 723 1236 778 AEGYPTIO
1261 726 1269 794 (
1290 725 1309 795 ).

280 918 379 988 Vnde
400 920 493 988 serui
515 917 626 986 Dauid
642 919 858 985 inuenerunt
875 917 1000 985 uiuum
1016 925 1182 1008 egyptum
1200 919 1247 1008 (2)
1268 920 1305 987 in
1321 943 1416 1011 agro,

213 1044 247 1106 et
266 1036 488 1104 adduxerunt
507 1056 588 1103 eum
609 1033 651 1101 ad
672 1033 794 1102 Dauid.
818 1032 861 1100 Et
879 1031 928 1101 ait
948 1032 1001 1099 illi
1022 1033 1159 1102 Dauid:
1182 1036 1288 1103 Cuius
1309 1059 1345 1104 es
1364 1043 1415 1120 tu,

212 1153 270 1222 uel
285 1150 379 1221 unde
395 1156 455 1219 aut
469 1174 538 1242 quo
552 1150 688 1241 pergis?
703 1148 769 1230 Oui
785 1149 856 1217 ait:
875 1149 966 1216 Puer
986 1149 1141 1239 egipoius
1158 1172 1220 1240 ego
1236 1173 1327 1234 sum,
1345 1175 1418 1220 sor-

211 1292 280 1337 uus
300 1269 369 1336 uiri
387 1266 544 1358 (diaboli)
561 1264 793 1349 Amalechit03
815 1264 1012 1354 dereliquid
1036 1287 1091 1333 me
1119 1265 1284 1334 dominus
1303 1289 1414 1351 meus,

213 1385 298 1476 quia
311 1388 470 1474 egrotare
486 1383 562 1472 cepi
577 1380 707 1449 nudius
722 1381 865 1448 tercius.

279 1498 500 1568 Amalechita
510 1504 562 1566 est
574 1497 746 1581 diabolus,
757 1496 817 1588 qui
832 1518 894 1586 per
907 1494 1050 1564 delicias
1066 1496 1191 1564 mundi
1202 1504 1418 1587 peccatorem

213 1615 309 1685 ducit
324 1614 367 1683 ad
384 1613 615 1704 perditionem
627 1635 635 1696 ;
649 1614 721 1695 sed,
740 1636 820 1680 cum
832 1617 992 1701 peccator
1006 1611 1217 1695 infirmatur,
1229 1619 1301 1681 tam
1317 1636 1421 1681 mun·

213 1731 278 1800 dus
297 1753 405 1821 quam
429 1728 602 1812 diabolus,
619 1729 712 1797 tedio
735 1729 892 1809 allectus,
918 1727 987 1794 uisi
1017 1734 1177 1817 peccator
1196 1730 1298 1819 quasi
1329 1730 1420 1798 lotus

214 1869 294 1915 eum
310 1846 461 1914 Domino
480 1868 543 1913 suo
559 1844 727 1928 ambulet,
751 1843 865 1934 ipsum
877 1842 1059 1933 relinquit.

265 2093 433 2150 Cllllllll.
457 2124 492 2135 -
515 2094 566 2149 Dli
591 2093 760 2159 Quonuu
786 2092 946 2149 FRATRE
972 2092 1099 2148 VlTAll
1128 2093 1367 2150 ANGELICAM

589 2191 755 2247 DUCERE
782 2190 968 2246 VOLENTE
997 2190 1045 2262 ().

283 2384 447 2475 [Quidam
457 2387 564 2454 frater
578 2384 666 2453 dixit
682 2408 718 2453 se
734 2385 829 2453 nolle
844 2385 1079 2453 intromittere
1095 2383 1138 2453 de
1154 2385 1418 2475 temporalibus,

216 2502 276 2572 sed
294 2503 407 2569 uitam
428 2501 623 2591 angelicam
639 2501 777 2569 ducere.
796 2501 968 2568 Dixerunt
987 2523 1069 2591 ergo
1086 2501 1210 2569 iratres
1228 2523 1235 2570 :
1259 2501 1323 2569 Exi
1338 2525 1421 2594 ergo

215 2623 249 2685 et
263 2616 353 2686 uade
368 2616 405 2684 in
420 2624 593 2698 montem;
607 2616 656 2685 ibi
672 2617 782 2685 uitam
798 2615 904 2684 ducas
924 2616 1132 2706 angelicam.
1145 2616 1226 2700 Qui,
1244 2639 1418 2708 egressus

215 2741 293 2824 post
316 2732 474 2801 triduum
495 2733 679 2801 famelicus
707 2738 758 2800 ost
784 2754 960 2815 reuersuS,
985 2731 1104 2800 dicens
1124 2753 1132 2801 :
1155 2734 1315 2817 Peooaui,
1342 2734 1420 2802 date

215 2848 303 2917 mihi
327 2849 370 2917 ad
392 2848 656 2917 comedendum.
684 2848 727 2915 Et
748 2869 954 2937 responsum
982 2853 1034 2915 est
1058 2847 1088 2916 ei
1112 2849 1271 2931 :Frater,
1297 2871 1420 2939 parum

217 2965 312 3034 ualet
326 2964 438 3032 Maria
456 2966 532 3032 sine
551 2963 714 3053 Martha]

472 3196 632 3251 unxxrv.
660 3226 695 3237 -
720 3196 771 3250 ns
800 3196 957 3250 unsara
985 3196 1165 3251 xuroxro

536 3290 582 3348 nr
611 3293 783 3358 ouonxu
810 3294 1027 3349 vaxxrona
1054 3292 1101 3365 (4).

283 3470 435 3552 Quidam
450 3477 609 3552 uenator,
627 3472 775 3539 ueniens
796 3493 856 3560 por
871 3471 1011 3554 siluam,
1036 3470 1151 3560 [uidit]
1169 3471 1330 3540 abbatem
1350 3472 1422 3539 An·

218 3588 354 3656 tonium
380 3609 459 3654 cum
485 3587 558 3653 suis
579 3585 778 3666 monaehis;
806 3585 895 3675 [hoc]
920 3585 1103 3676 displicuit
1124 3589 1168 3655 ei.
1194 3586 1293 3668 Quod
1317 3610 1422 3656 senex
1507 3583 1512 3591 ’

220 3703 433 3792 intelligens,
457 3703 530 3770 ait:
553 3703 667 3770 Ponas
691 3703 855 3790 sagittam
876 3703 913 3769 in
938 3701 1060 3784 archu,
1082 3708 1116 3770 ot
1137 3702 1247 3770 trahe.
1271 3703 1313 3770 Et
1341 3703 1423 3771 feeit

220 3819 399 3886 etiterum
420 3817 513 3885 fecit.
550 3817 593 3884 Et
616 3817 664 3885 ait
688 3838 695 3884 :
723 3817 833 3885 Trahe
854 3817 980 3886 adhuc.
1016 3818 1108 3885 Dicit
1135 3819 1166 3885 ei
1191 3824 1363 3885 uenator:
1385 3817 1421 3886 Si

221 3932 311 4002 ultra
334 3933 478 4001 modum
496 3939 646 4016 traxero,
669 3933 797 4002 archus
818 3935 1010 4024 frangetur.
1040 3933 1134 4000 Dixit
1156 3934 1188 4000 ei
1211 3932 1317 4001 abhas
1340 3953 1348 4000 :
1372 3933 1422 4002 lta

224 4047 382 4140 inopere
410 4049 483 4117 Dei.
512 4048 559 4132 Si,
584 4072 689 4139 supra
714 4072 820 4140 quam
841 4072 1007 4116 mensura
1031 4057 1095 4130 est,
1127 4048 1420 4130 laborauerimus,

274 4226 311 4298 (¹)
331 4228 424 4282 tiemo
438 4243 568 4281 sermon.

274 4315 311 4386 (2)
332 4316 413 4370 lisez
429 4332 436 4369 :
450 4320 541 4370 otram
553 4317 715 4385 aegyptium.

275 4404 311 4475 (3)
331 4404 423 4459 ltine
439 4421 568 4460 sermon.
587 4405 638 4461 Cet
653 4403 787 4476 exempla
802 4411 966 4477 mnnquant
982 4405 1054 4461 daus
1073 4405 1100 4462 le
1118 4422 1174 4461 ms.
1192 4409 1288 4474 16506,
1308 4404 1377 4461 o'est
1393 4404 1421 4461 le

232 4504 279 4547 ns.
292 4495 359 4549 2593
372 4495 422 4565 qui
437 4510 474 4548 en
489 4510 506 4548 a
521 4493 559 4547 ici
573 4493 670 4549 lourui
687 4493 714 4549 le
730 4500 820 4549 texte.

278 4582 313 4653 tl)
333 4583 425 4638 lttme
441 4599 571 4639 sermon.
