3270 5626
289 488 441 540 ebosus
467 488 517 540 DE
543 489 754 542 CERITONA
778 489 1027 542 PARABOLAE.
1212 492 1256 541 281

235 749 294 805 tv.
319 779 356 792 -
383 750 434 805 nc
460 738 645 806 numnna
670 751 758 817 cun
785 751 1080 807 ruccunronnn

438 848 538 905 nssn
566 848 800 905 nnsrnsnar
825 849 874 921 (¹)-

122 1005 295 1088 Quoniam
321 1006 450 1075 mulier
473 1006 619 1076 delicata
651 1030 724 1077 non
750 1015 802 1076 est
833 1014 998 1077 contenta
1022 1008 1257 1100 pulcritudine

54 1145 161 1215 quam
190 1121 257 1191 sibi
281 1122 432 1191 contulit
457 1123 685 1214 [plasmator],
708 1123 787 1213 plus
810 1124 888 1192 uult
905 1124 1019 1192 facere
1041 1146 1146 1213 quam
1169 1124 1258 1194 Deus

53 1230 427 1329 iecerit‚'puleriorem
452 1260 528 1306 esse
554 1236 728 1306 desiderat
752 1260 858 1329 quam
886 1238 977 1306 Deus
1002 1239 1136 1322 fecerit,
1157 1242 1257 1329 quasi

54 1354 149 1423 dicat
171 1375 178 1420 :
201 1353 362 1437 Domine,
384 1376 491 1444 quam
515 1376 588 1421 non
609 1354 698 1421 bene
722 1376 779 1421 me
804 1355 962 1422 formasti
984 1376 1049 1422 nec
1071 1353 1198 1444 pellem
1222 1357 1260 1422 in

55 1471 143 1539 faeie
169 1468 384 1537 sufficienter
405 1468 593 1537 decorasti!
618 1470 841 1537 leronimus:
863 1468 991 1537 Mulier
1015 1469 1057 1537 ad
1077 1469 1258 1560 speculum

55 1585 259 1676 depingitur
277 1590 312 1653 et
335 1585 373 1652 in
393 1584 646 1653 contumeliam
672 1586 816 1653 artificis
837 1591 985 1653 conatur
1006 1586 1162 1675 pulcrior
1186 1609 1259 1653 esse

56 1723 163 1793 quam
183 1700 338 1790 nat[ur]a
362 1705 425 1768 est.
451 1699 538 1768 Item
563 1699 676 1768 dicit:
701 1699 784 1768 Plus
805 1700 945 1783 faciam,
968 1700 1127 1783 Domine,
1155 1724 1260 1793 quam

57 1823 95 1885 tu
110 1817 242 1898 fecisti3
265 1821 300 1884 et
318 1822 401 1885 tuno
417 1817 557 1904 punctis
577 1822 611 1883 et
631 1816 814 1906 plicaturis
830 1823 965 1884 uestem
979 1814 1176 1908 distinguit,
1195 1819 1261 1886 sci-

58 1933 140 2001 licet
154 1941 336 2023 unguento
352 1930 470 2000 lucido
485 1932 612 2000 faciem
628 1932 742 2023 ungit,
757 1937 790 1999 et
804 1931 948 2000 subtilia
963 1931 1062 2001 uarie
1072 1931 1209 2024 dirigit;
1224 1935 1260 2001 in

58 2047 202 2140 speculo
217 2046 379 2136 seipsam
395 2053 514 2115 utrum
530 2047 684 2137 pulcrior
694 2054 868 2138 appareat,
879 2047 1025 2116 ridendo
1040 2049 1097 2115 uel
1113 2049 1214 2116 alitor
1225 2071 1261 2118 se

59 2164 233 2244 habendo,
255 2161 443 2254 diligenter
456 2161 616 2231 attendit.
635 2163 677 2231 Et
696 2163 746 2231 sic
766 2162 908 2232 domina
924 2171 1101 2253 punctata,
1118 2163 1262 2232 domina

58 2280 266 2373 granellata,
287 2278 430 2348 domina
451 2279 632 2368 impinota,
650 2280 794 2348 domina
815 2278 954 2347 diabolo
974 2280 1259 2369 com[m]endata,

58 2394 265 2485 Astarteln),
274 2394 337 2464 dee
345 2393 593 2486 Sydoniorum,
607 2396 788 2464 sacrificat.
800 2394 927 2463 Contra
940 2394 1027 2462 tales
1039 2396 1209 2463 Dominus
1225 2397 1262 2464 in

59 2511 160 2594 Osee,
182 2511 233 2601 [C.
254 2535 289 2595 n,
312 2535 345 2579 v.
363 2512 394 2600 2]
415 2536 422 2578 :
444 2512 554 2579 Aufer
568 2512 817 2579 fornicationes
838 2519 914 2578 tuas
929 2533 949 2578 a
964 2511 1051 2579 facie
1073 2518 1142 2579 tua.
1161 2511 1262 2580 Facie

60 2629 156 2697 enim
172 2631 308 2708 ornata,
319 2626 449 2695 mulier
462 2627 547 2695 facit
560 2626 787 2705 adulterium,
799 2625 938 2717 quando
954 2627 1099 2717 plurimi
1113 2649 1174 2716 per
1187 2628 1262 2696 eius

60 2748 336 2832 corrumpuntur
359 2749 551 2832 aspectum.
576 2741 675 2810 Vnde
701 2743 830 2810 Paulus
860 2741 903 2810 ad
928 2741 1127 2812 Chorintios
1142 2743 1211 2833 (sio)
1226 2745 1263 2812 in

62 2860 87 2944 l,
110 2883 134 2928 v
152 2859 201 2948 lt)
224 2881 231 2927 :
261 2858 388 2927 Mulier
411 2858 573 2927 uelamen
592 2857 693 2927 debet
721 2857 850 2926 habere
874 2880 979 2947 super
998 2866 1101 2950 caput
1121 2866 1260 2949 propter

61 2974 216 3067 angelos.
236 2973 410 3055 Quoniam
430 2975 588 3066 angelus,
610 2974 796 3064 deputatus
817 2973 859 3040 ad
882 2972 1078 3042 custodiam
1098 2974 1260 3057 alicuius,

62 3113 143 3159 eum
160 3088 258 3157 uidet
271 3089 427 3156 animam
442 3112 549 3179 quam
571 3088 674 3157 debet
692 3088 868 3159 custodire
884 3111 945 3181 per
959 3097 1122 3158 ornatum
1139 3090 1264 3158 mulie·

63 3208 111 3275 ris
124 3207 317 3294 corrumpi,
335 3206 563 3295 conqueritur
584 3205 732 3272 Domino
752 3205 794 3273 de
810 3204 871 3272 illa
891 3227 995 3274 suum
1014 3205 1172 3274 officium
1188 3228 1265 3295 per-

64 3320 229 3390 turbante
244 3326 278 3388 et
292 3322 392 3411 quasi
408 3321 573 3389 meritum
589 3343 692 3389 suum
709 3327 743 3389 et
758 3320 963 3389 thesaurum
976 3321 1211 3412 aullslerente.
1222 3322 1264 3391 Et

66 3459 145 3506 cum
160 3457 301 3525 semper
314 3434 411 3504 uidet
426 3436 549 3504 faciem
561 3437 634 3517 Dei,
649 3437 749 3526 quasi
766 3458 903 3525 semper
917 3427 1265 3527 conqueritur.'Vnde

70 3551 203 3622 Veritas
215 3550 257 3619 de
270 3551 400 3620 talibus
416 3551 521 3620 dicit:
539 3552 588 3619 Vo
606 3552 658 3619 illi
672 3574 734 3641 per
748 3575 854 3642 quem
870 3550 1074 3620 scandalum
1089 3553 1190 3620 uenit
1200 3554 1263 3644 (stt

103 3785 178 3840 LVl.
198 3785 304 3840 -ΒΕ
323 3783 534 3840 MURILEGO
560 3784 680 3840 CUJUS
707 3784 844 3840 cnUDn
870 3784 1065 3839 Abscissa
1092 3783 1162 3838 EST
1183 3785 1230 3853 tl).

132 3942 310 4023 Mulieres,
337 3944 367 4011 si
391 3942 483 4011 male
503 3949 619 4010 essent
643 3949 777 4024 ornate,
800 3965 861 4032 per
886 3942 1017 4032 plateas
1039 3965 1110 4010 non
1131 3942 1268 4010 incedo-

76 4064 160 4140 rent,
177 4064 217 4126 ut
236 4060 372 4127 animas
387 4064 563 4149 caperent.

124 4217 159 4289 (t)
182 4220 326 4274 Domtmoa
341 4221 371 4273 tn
392 4219 516 4274 octabam
530 4218 642 4284 Puscbe,
658 4220 809 4273 seeundum
832 4220 994 4284 Johunnem,
1010 4219 1045 4290 [c.
1061 4218 1140 4289 pene]
1158 4218 1267 4272 ultimo.

79 4333 109 4345 -
123 4307 195 4362 Cum
209 4313 287 4362 esset
301 4324 368 4363 sero
383 4307 430 4362 die
447 4306 498 4363 illo
512 4307 703 4362 sabbatorum
716 4314 744 4361 et
758 4307 836 4362 tores
851 4314 949 4363 essent
965 4306 1072 4362 clause.

126 4395 162 4465 (2)
178 4395 339 4452 Reltrence
353 4396 523 4463 inexacte‚d
534 4395 660 4467 laquelle
677 4397 697 4450 il
714 4396 775 4450 faut
788 4396 970 4452 substituer:
989 4383 1038 4466 l'lp.
1056 4398 1077 4463 1,
1092 4396 1121 4451 C.
1134 4411 1171 4463 ιι,
1186 4412 1211 4451 v.
1226 4399 1267 4449 to.

126 4483 161 4554 (3)
177 4473 283 4558 evang.
299 4483 382 4540 selon
398 4484 425 4539 S.
443 4484 581 4548 Mathieu,
596 4484 625 4538 C.
643 4501 720 4550 xvru,
738 4501 762 4538 v.
779 4489 808 4543 7,

129 4571 166 4643 (t)
179 4573 272 4628 lleme
285 4588 415 4629 sermon.
