3270 5626
192 443 237 492 rio
454 435 604 529 oporcrs
631 418 681 486 n'n
705 432 917 486 cremona
943 416 1132 484 renuent.

191 581 441 675 pinguedinem
468 601 595 661 meam,
624 560 694 669 qua
716 577 772 646 Dii
797 571 947 645 utuntur
973 583 1007 644 et
1029 575 1204 662 homines,
1232 585 1274 648 ut
1301 580 1390 650 inter

65 766 68 773 ¹
141 720 145 725 ·
190 700 299 790 Ligna
310 697 539 787 promouear'?
549 694 731 790 Venerunt
740 682 1149 782 adarhdlllm'fficllss'st‘?
1156 715 1203 784 ΡΥ
1202 716 1223 762 ⁰
1239 692 1389 785 Fi⁰¹¹¹¹¹b

189 819 224 883 et
237 813 422 882 dixerunt:
441 811 552 902 Super
562 833 626 878 nos
642 802 815 910 [regnum]
832 803 959 897 ac'eipe.
979 805 1190 898 Respondit:
1208 809 1390 902 Numquid

188 950 330 1021 pessum
349 927 508 996 deserere
529 924 751 999 dulcedinem
778 944 893 992 meam
917 923 1122 1013 fructusque
1142 924 1386 1009 suauissimos,

179 1050 230 1121 ,ut
244 1042 343 1112 inter¹
357 1042 467 1135 Ligna
486 1043 717 1131 promouear?
731 1037 914 1108 Venerunt
934 1037 980 1128 (p.
999 1037 1175 1129 181112)
1193 1039 1238 1109 ad
1258 1040 1386 1124 Vitem,

188 1166 227 1228 ut
247 1161 435 1250 imperaret
458 1159 521 1224 eis.
549 1158 623 1238 Que
644 1153 824 1247 respondit
845 1175 852 1220 :
874 1152 1041 1244 Nunquid
1062 1176 1205 1244 possum
1226 1142 1391 1227 deserere

188 1275 313 1344 uinum
333 1272 426 1364 quod
441 1272 585 1341 letificat
600 1270 710 1339 Deum
726 1275 761 1337 et
780 1268 965 1337 homines?
979 1269 1022 1336 Et
1035 1269 1152 1338 noluit
1168 1276 1383 1360 promoueri.

59 1436 65 1449 .
188 1390 427 1479 Dixeruntque
448 1387 559 1477 Ligna
580 1384 623 1454 ad
648 1386 848 1474 Rampnum
870 1404 878 1452 :
901 1383 1037 1474 lmpera
1057 1384 1171 1454 nobis.
1194 1386 1385 1478 Respondit

188 1505 385 1595 Rampnus:
399 1502 434 1570 si
448 1524 531 1570 uere
548 1523 604 1568 me
620 1521 738 1591 regem
754 1499 982 1580 constituitis,
995 1501 1244 1584 uenite,etsub
1260 1503 1385 1573 umbra

187 1640 266 1686 mea
292 1619 476 1708 quiescite3
495 1617 524 1685 si
544 1638 616 1683 non
632 1615 753 1697 uultis,
771 1613 971 1704 egrediatur
985 1614 1079 1705 ignis
1100 1613 1143 1684 de
1160 1616 1335 1708 Rampno,
1352 1629 1383 1689 et

187 1732 329 1802 deuoret
344 1731 463 1801 cedros
479 1729 601 1801 Libani
618 1731 678 1820 (1).

251 1847 396 1916 Mictice.
406 1846 568 1937 -Ligna
582 1845 783 1936 significant
793 1843 955 1912 homines
969 1844 1161 1925 siluestres,
1177 1848 1379 1935 monachos,

186 1963 492 2054 congregationem
509 1963 584 2029 sine
605 1966 753 2052 pastore.
768 1959 923 2029 Veniunt
942 1966 981 2028 ut
996 1960 1128 2051 eligant
1146 1960 1302 2049 Oliuam,
1319 1965 1382 2033 ali·
1399 1938 1402 1945 Ι

186 2099 291 2146 ouem
323 2079 468 2156 iustum,
488 2077 550 2166 qui
571 2097 740 2164 respuens
763 2074 848 2144 dicit
872 2073 964 2167 quod
988 2097 1059 2144 non
1078 2075 1157 2144 uult
1181 2076 1380 2170 relinquere

65 2248 69 2255 .
186 2191 438 2284 pinguedinem
452 2191 607 2260 caritatis
622 2195 656 2258 et
670 2189 713 2258 ad
732 2189 937 2282 dignitatem
953 2192 1164 2282 promoueri.

252 2307 364 2377 Arbor
380 2306 484 2375 Ficus
502 2306 675 2397 signifieat
690 2306 823 2374 iustum
842 2307 917 2396 qui,
935 2306 1203 2396 contemplando
1218 2308 1382 2401 frequen-

186 2429 249 2506 ter,
266 2423 424 2514 degustat
439 2443 544 2523 quam
565 2421 695 2506 suauis,
716 2443 823 2511 quam
842 2420 955 2489 dulcis
970 2426 1023 2491 est
1037 2421 1221 2506 Dominus,
1244 2430 1280 2493 et
1300 2426 1381 2495 iacit

185 2538 304 2607 dulces
332 2539 466 2606 fruetus
497 2536 587 2605 bone
620 2537 848 2626 operationis,
879 2541 913 2604 et
940 2537 1050 2626 [quial
1081 2538 1117 2605 in
1151 2537 1392 2630 dignitatibus¹

134 2698 138 2705 -
184 2653 294 2721 multe
314 2658 397 2721 sunt
415 2649 678 2733 amaritudines,
697 2651 806 2719 multe
826 2650 1056 2733 turbationes,
1074 2674 1146 2721 non
1166 2655 1246 2722 uult
1265 2654 1383 2724 dulce·

139 2782 152 2799 ·’
184 2768 303 2847 dinem
318 2789 416 2835 suam
433 2788 494 2855 pro
506 2764 736 2857 dignitatibus
753 2773 980 2834 commutare.

248 2883 360 2949 Vinea
374 2887 425 2949 est
444 2881 501 2947 uir
521 2881 646 2963 iustus,
668 2882 728 2970 qui
748 2880 877 2971 gaudet
895 2881 1070 2971 spirituali
1091 2880 1295 2973 hylaritate;
1318 2889 1379 2976 qui

128 3056 132 3065 .
182 2998 291 3067 dicit:
315 2994 486 3065 Gaudium
507 3002 667 3063 nostrum
684 3002 735 3063 est
754 2996 996 3064 testimonium
1012 2999 1227 3067 conscientie
1246 3008 1374 3070 nostre.

182 3114 355 3194 Quoniam
375 3111 484 3178 mulie
505 3118 587 3178 sunt
606 3110 869 3193 amaritudines
887 3111 997 3179 multe
1013 3111 1231 3182 turbationes
1255 3116 1291 3183 in
1312 3118 1380 3186 las-

183 3227 268 3296 tidio
286 3229 331 3315 (2)
352 3225 543 3316 dignitatis,
563 3224 638 3293 ideo
658 3227 783 3294 nolunt
799 3228 1010 3316 promoueri.
1131 3294 1137 3305 ,

250 3341 347 3409 Vnde
368 3342 592 3409 laurinensis
613 3342 820 3425 Canonicus,
843 3364 922 3409 cum
949 3348 1129 3430 respueret
1154 3344 1376 3425 electionem,

181 3460 249 3526 cito
269 3457 445 3525 transiuit.
463 3463 497 3524 et
516 3457 609 3523 socio
634 3477 698 3523 suo
720 3458 781 3545 [se]
803 3457 940 3548 aperuit
959 3457 1018 3546 (3).
1038 3455 1202 3538 Quesitus
1229 3462 1278 3549 (p.
1301 3463 1377 3539 181,

182 3573 247 3641 col.
266 3574 298 3663 1)
319 3594 425 3663 quare
446 3594 516 3638 non
537 3572 666 3660 recepit
685 3572 936 3661 episcopatum,
955 3571 1134 3660 respondit
1151 3593 1159 3640 τ
1178 3573 1213 3641 Si
1230 3576 1377 3645 fuissem

182 3687 223 3756 de
239 3709 386 3755 numero
403 3687 657 3776 episcoporum,
676 3686 820 3754 fuissem
836 3685 878 3754 de
893 3709 1040 3755 numero
1056 3687 1375 3778 dampnandorum.

248 3804 346 3886 ltem,
361 3824 440 3870 cum
457 3803 623 3893 magister
638 3802 679 3868 H.
695 3803 740 3891 (1)
757 3801 869 3869 factus
884 3801 1009 3870 fuisset
1023 3804 1208 3893 episeopus
1223 3805 1376 3876 blelden·

180 3920 241 4002 sis,
259 3925 291 3986 et
306 3919 483 3985 uisitasset
503 3919 614 3985 socios
634 3939 714 3984 suos
731 3916 897 3999 Parisios,
915 3915 1027 3984 dixit:
1051 3918 1085 3986 Si
1103 3918 1271 3989 haberem
1287 3945 1377 3991 mor·

179 4035 285 4103 talem
307 4035 490 4101 inimicum
511 4039 546 4099 et
560 4030 793 4100 desiderarem
810 4033 840 4099 ei
858 4033 992 4122 aliquid
1016 4036 1224 4122 pessimum,
1238 4061 1373 4108 orarem

231 4248 270 4316 (1)
287 4248 380 4318 l'oyez
395 4252 471 4301 celte
487 4244 563 4300 lable
576 4245 649 4300 dans
661 4244 688 4300 le
702 4244 773 4299 livre
786 4245 837 4300 des
850 4245 945 4317 luges,
963 4246 1046 4318 chop.
1065 4247 1109 4313 ix,
1124 4265 1150 4303 r.
1160 4251 1240 4306 8-13.

233 4335 270 4406 (1)
284 4336 378 4390 Lisez:
397 4337 518 4404 seslipio.

232 4424 270 4491 (3)
285 4424 350 4487 AS,
367 4424 421 4477 ΑΒ.
435 4431 464 4479 et
479 4424 535 4478 1111.
554 4440 560 4477 ;
577 4422 653 4478 Socio
670 4437 717 4477 sao
730 4424 873 4491 apperuit.

232 4512 270 4580 (1)
287 4512 471 4567 Gwiltlretmus
485 4512 557 4566 dans
572 4511 637 4578 BN,
655 4513 732 4579 llupo
746 4511 818 4564 daris
833 4512 890 4567 All.
