3270 5626
298 560 303 570 .
352 492 398 543 282
586 487 736 539 01)οΝΙὸ
761 489 810 540 DE
836 487 1048 540 CERITONA
1074 479 1324 534 PARABOLAE.

529 712 634 767 XLIV.
654 742 686 753 -
713 713 764 766 DE
791 711 962 777 QUODAM
988 709 1094 765 suun
1119 707 1383 765 VESTlllEA'TA

712 809 886 864 ALTAlllS
916 807 1125 863 TOLLENTE
1150 805 1199 878 (l).

419 987 568 1069 Quidam
589 991 721 1078 pectus,
745 987 846 1077 quasi
860 986 1003 1054 ueniam
1020 983 1240 1074 postulando,
1266 1006 1337 1052 una
1357 1004 1469 1051 manu
1487 1005 1558 1074 per·

352 1103 521 1196 anelabat,
541 1103 611 1171 alia
630 1123 714 1170 uero
730 1101 942 1170 uestimenta
960 1100 1080 1168 altaris
1100 1101 1222 1168 furtim
1242 1097 1401 1168 tollebat.

420 1218 569 1301 Quidam
582 1217 752 1286 sacerdoti
766 1239 825 1285 ore
839 1215 1082 1301 confitebatur,
1095 1220 1130 1283 et
1140 1214 1324 1284 cultellum
1336 1213 1415 1283 eius
1424 1215 1556 1283 occulto

351 1335 546 1404 iurabatur.

387 1585 473 1640 XLV.
494 1615 530 1624 -
550 1584 600 1638 DE
627 1582 798 1649 QUODAM
823 1581 1114 1636 l¹HEDlCAT01lE
1137 1581 1185 1635 ET
1208 1580 1303 1636 EJUS
1326 1579 1454 1637 ASlNO
1474 1581 1521 1652 (2).

419 1761 506 1827 ltem
522 1759 719 1849 predicator
734 1757 878 1850 quidam
899 1757 1006 1826 soluit
1025 1758 1165 1826 asinum
1185 1778 1290 1849 quem
1305 1755 1441 1825 solebat
1461 1758 1554 1848 equi·

357 1883 440 1957 tare,
462 1881 496 1943 ot
510 1873 646 1942 dimisit
664 1881 773 1956 extra,
796 1879 831 1941 et
850 1873 986 1941 intrans
1006 1871 1188 1941 ecclesiam
1206 1872 1332 1940 orauit.
1350 1871 1554 1965 Vorumpta·

357 2014 438 2059 men
463 1990 501 2058 in
520 1991 677 2058 oratione
700 1989 853 2080 qualiter
872 1989 1012 2056 asinum
1036 2010 1137 2057 suum
1166 1987 1349 2056 dimiserat
1375 1988 1454 2057 sine
1480 2011 1554 2058 cus·

354 2107 448 2176 todia
460 2105 640 2197 cogitauit,
657 2112 703 2186 et,
720 2127 884 2173 reuersus
900 2103 943 2172 ad
958 2103 1109 2185 asinum,
1125 2105 1196 2172 ait:
1214 2103 1264 2172 Tu
1279 2102 1426 2196 glosasti
1440 2127 1552 2172 meum

356 2227 458 2292 Pater
475 2234 598 2303 noster,
618 2228 653 2290 et
667 2220 709 2288 de
729 2221 806 2310 ipso
824 2220 1022 2311 plusquam
1041 2241 1103 2310 ego
1122 2217 1290 2303 habuisti,
1312 2242 1497 2310 nunqnam
1515 2220 1554 2288 de

356 2345 470 2407 cetero
491 2336 655 2430 glosahis.
677 2337 721 2404 Et
740 2335 836 2404 dedit
860 2358 941 2404 eum
961 2334 1186 2426 pauperibus,
1214 2357 1257 2403 ne
1277 2336 1390 2405 oratio
1415 2359 1479 2404 sua
1498 2358 1554 2427 per

354 2455 494 2522 asinum
510 2452 751 2543 impediretur,
770 2452 909 2542 qnando
927 2452 971 2541 (3)
993 2473 1093 2519 mens
1112 2450 1228 2519 diuisa
1244 2473 1315 2520 non
1335 2451 1511 2541 impetrat.

504 2703 607 2759 xrvr.
627 2733 663 2743 -
682 2701 732 2756 nn
758 2702 930 2767 ouonuu
954 2693 1403 2758 ruuouooo'unnvrrsu

813 2799 1029 2864 roounurn
1048 2799 1096 2871 (4).

418 2977 566 3058 Quidam
588 2976 770 3066 theologus
794 2982 935 3067 rogatus
953 2999 973 3042 a
993 2974 1201 3066 quibusdam
1225 2978 1405 3045 canonicis
1426 2985 1464 3044 ut
1482 2977 1552 3044 bre-

353 3095 445 3161 uiter
466 3094 501 3158 iu
523 3092 675 3182 capitulo
696 3092 912 3182 loqueretur,
935 3091 999 3159 hoc
1015 3072 1122 3159 uerba
1139 3098 1276 3159 tantum
1297 3093 1470 3183 protulit:
1493 3090 1553 3172 Qui

354 3215 406 3277 ost
418 3232 459 3276 ex
470 3207 550 3288 Deo,
565 3206 670 3274 uerba
683 3208 743 3273 [lei
760 3206 858 3274 audit
874 3214 906 3274 et
922 3216 1047 3275 cetera.
1060 3207 1244 3297 Propterea
1256 3232 1319 3276 uos
1331 3231 1403 3277 non
1416 3209 1550 3285 auditis,

354 3325 437 3413 quia
460 3345 501 3389 ex
525 3323 594 3390 Deo
616 3344 688 3388 non
710 3324 805 3390 estis.
829 3323 1066 3413 Interrogatus
1092 3347 1199 3414 quare
1220 3324 1300 3414 plus
1324 3347 1395 3390 non
1418 3324 1550 3397 dixerit,

354 3438 556 3528 rospondit:
583 3437 673 3518 Quia
693 3444 907 3527 rogauerunt
927 3461 1010 3506 eum
1031 3440 1127 3528 prius
1147 3439 1240 3528 quod
1261 3439 1423 3508 breuitur
1444 3441 1553 3530 loquo-

355 3562 461 3622 retur.

419 3672 595 3737 Amanum
611 3676 664 3738 est
680 3669 801 3738 multis
815 3671 1008 3738 cantilenas
1025 3678 1058 3739 et
1073 3670 1275 3759 pastorollas
1289 3671 1465 3740 incendiis
1481 3673 1553 3740 uiti·

353 3808 455 3854 orum
476 3786 595 3876 plenas
615 3785 753 3865 audire;
771 3785 948 3854 cantilena
964 3787 1067 3854 llrosu
1089 3784 1229 3868 Christi,
1252 3786 1360 3855 uerba
1380 3789 1553 3857 salutifera

354 3901 550 3969 fastidiunt.
1597 3895 1599 3900 ’

407 4087 443 4157 (l)
459 4089 551 4142 the
566 4104 695 4142 sermon.

410 4176 446 4244 (t)
462 4177 554 4230 litme
571 4192 699 4231 sermon.

407 4268 444 4337 (3)
462 4266 511 4319 us.
527 4267 596 4320 2593
614 4269 773 4335 :quonium

409 4354 446 4424 (l)
459 4356 603 4408 Dorntuicu
626 4357 653 4408 tu
674 4359 818 4424 passione,
835 4357 984 4411 seeundum
997 4357 1161 4426 Jotonnrm,
1182 4359 1252 4428 utij.
1272 4357 1399 4423 -Quis
1423 4375 1459 4415 ox
1475 4355 1549 4414 uobis

355 4448 460 4514 arguet
475 4459 522 4496 rue
539 4443 573 4496 do
589 4443 737 4512 peccatis?
