3270 5626
385 518 431 568 ³38
614 514 765 567 ononis
789 517 840 568 DF}
867 517 1079 571 cueltoua
1105 514 1352 568 PARABOLAE.

385 668 424 730 ut
445 668 589 730 sanctus
613 660 821 751 predixerat,
844 661 1111 752 impressionem
1135 661 1250 729 crucis
1274 659 1430 740 inuenit,
1456 666 1491 728 et
1508 661 1576 729 uiso

384 777 557 845 miraculo
572 777 734 844 tirannus
753 776 865 844 factus
885 783 937 846 est
951 777 1177 846 christianus.

604 1026 777 1082 ccxxxv.
801 1057 836 1068 -
864 1028 915 1083 oa
944 1028 1115 1094 ouonau
1142 1026 1360 1083 rurouooo

735 1123 991 1181 consurruro
1017 1126 1162 1182 suares
1184 1123 1234 1196 (r).

451 1300 602 1384 Quidam
617 1299 801 1393 theologus
821 1303 889 1370 fuit
903 1302 1115 1370 constitutus
1132 1301 1236 1370 iudex
1250 1307 1291 1369 ut
1310 1299 1451 1370 audiret
1462 1301 1579 1370 clamo

382 1440 436 1486 res
456 1423 577 1485 contra
599 1417 811 1486 feneratores
831 1416 874 1485 ad
899 1440 1026 1485 usuras
1051 1415 1296 1499 restituendas,
1315 1422 1350 1485 et
1372 1417 1410 1485 in
1430 1416 1579 1507 sompnis

383 1530 570 1601 uidebatur
587 1532 619 1599 ci
640 1532 733 1622 quod
749 1533 924 1624 proiectus
939 1538 1030 1602 esset
1045 1534 1082 1600 in
1103 1532 1381 1623 sterquilinium,
1401 1538 1443 1601 ut
1459 1533 1578 1601 miluos

381 1654 416 1716 et
435 1669 519 1716 aues
538 1669 679 1739 rapaces
700 1655 849 1739 caperet.
877 1648 969 1730 Quid
989 1654 1041 1717 est
1058 1649 1153 1717 enim
1170 1649 1268 1716 locus
1289 1670 1495 1732 causarum,
1517 1649 1578 1717 nisi

381 1763 658 1855 sterquilinium,
680 1763 740 1832 uhi
761 1765 890 1855 turpia,
912 1764 1045 1833 scilicet
1071 1762 1264 1848 mendacia,
1287 1762 1445 1854 periuria
1469 1787 1530 1856 per
1545 1787 1577 1832 os

381 1883 597 1971 egeruntur?
611 1878 678 1949 Sed
698 1886 817 1970 postea
832 1880 897 1948 hoc
912 1879 1066 1948 officium
1079 1880 1224 1948 dimisit.

556 2129 801 2187 chxxv1.-
824 2131 876 2185 DE
904 2129 1113 2185 eruamus
1142 2128 1334 2185 HOMINUM
1354 2128 1363 2200 (
1384 2129 1405 2199 ).

445 2306 545 2375 Vnde
561 2306 598 2374 iu
618 2308 709 2375 uitas
733 2307 890 2375 Petrum.
909 2305 1066 2387 Quodam
1078 2328 1148 2374 uox
1166 2306 1216 2376 ait
1234 2305 1375 2374 cuidam
1394 2308 1576 2399 religioso:

379 2422 519 2491 Veniet
539 2422 720 2491 ostendam
737 2421 800 2490 tibi
815 2444 921 2512 opera
932 2421 1134 2505 hominum;
1151 2427 1198 2506 et,
1215 2421 1258 2490 ad
1273 2422 1454 2513 quendam
1470 2424 1577 2493 locum

380 2537 512 2606 ducens
528 2561 621 2622 eum,
639 2537 792 2607 ostendit
811 2538 988 2629 ethiopem
1005 2537 1223 2606 scindentem
1236 2538 1334 2630 ligna
1349 2545 1386 2607 et
1399 2539 1578 2609 facientem

380 2675 546 2746 magnam
561 2654 749 2723 sarcinam.
768 2654 906 2722 Etcum
921 2654 1146 2744 frequencius
1160 2651 1365 2745 temptando
1381 2678 1457 2724 non
1472 2662 1580 2747 posset

381 2792 460 2839 eam
474 2770 605 2852 leuare,
624 2768 832 2861 pluraligna
851 2771 1024 2860 apposuit.
1043 2769 1087 2838 Et
1100 2768 1219 2837 dicens
1235 2770 1284 2859 (3)
1300 2791 1383 2838 eum
1398 2772 1577 2861 paululum

380 2885 534 2955 ostendit
548 2885 726 2953 hominem
743 2890 893 2954 stantem
909 2908 1013 2975 super
1029 2885 1145 2954 lacum
1156 2884 1443 2954 eteffuudentem
1459 2909 1577 2978 aquam

382 3003 418 3068 in
443 3003 629 3068 cisternam
655 3008 843 3090 pertusam,
869 3024 937 3091 que
958 3001 1157 3068 effundebat
1175 3023 1303 3091 aquam
1328 3003 1366 3068 in
1391 3003 1521 3070 lacum.
1543 3004 1578 3070 Et

380 3118 508 3184 iterum
528 3115 626 3183 duxit
642 3139 721 3183 eum
739 3117 775 3182 in
791 3117 975 3206 templum,
994 3123 1027 3183 et
1042 3116 1194 3184 ostendit
1209 3116 1296 3185 duos
1316 3119 1414 3185 uiros
1431 3120 1469 3187 in
1485 3121 1576 3209 equis

379 3230 538 3299 sedentes
552 3237 585 3298 ct
597 3237 773 3322 portantes
788 3231 926 3322 lignum
942 3239 1196 3314 transuersum,
1209 3232 1437 3324 volentesque
1455 3237 1575 3303 intrare

379 3368 441 3436 per
469 3347 611 3414 ianuam
642 3354 782 3436 propter
814 3347 951 3437 lignum
983 3355 1224 3416 transuersum
1255 3371 1327 3416 non
1355 3356 1518 3440 poterant
1547 3359 1575 3417 et

380 3467 624 3530 remanserunt
639 3461 744 3529 foras.
763 3462 919 3552 Cumque
942 3469 1103 3552 quereret
1123 3463 1206 3554 quid
1229 3463 1295 3532 hoe
1311 3473 1416 3547 esset,
1435 3468 1484 3534 ait
1502 3489 1509 3534 :
1525 3465 1574 3533 Hii

380 3583 461 3646 sunt
481 3577 542 3667 qui
567 3584 705 3666 portant
717 3577 893 3644 iusticiam
917 3600 996 3645 cum
1010 3579 1277 3669 iugosuperbie,
1290 3603 1355 3648 nec
1376 3582 1574 3672 correpti(t)

380 3693 614 3761 humiliantur
636 3698 676 3761 ut
697 3699 779 3761 eant
794 3693 830 3760 in
853 3694 950 3760 uiam
967 3693 1107 3775 Christi,
1129 3702 1161 3762 ct
1182 3694 1258 3762 ideo
1279 3704 1468 3766 remanent
1489 3705 1575 3766 extra

380 3831 527 3898 regnum
549 3809 623 3877 Dei.
642 3808 708 3889 Qui
727 3815 845 3876 autem
869 3809 965 3899 ligna
985 3808 1171 3888 incidebat,
1190 3810 1295 3879 homo
1312 3813 1418 3880 estin
1435 3813 1573 3904 peccatis

379 3926 516 4008 multis;
533 3925 606 4016 qui,
629 3947 708 3992 cum
726 3926 862 4014 [eorum
878 3924 1025 4015 pondus]
1044 3924 1247 3993 subtrahere
1260 3924 1397 4009 debeat,
1416 3951 1572 4022 augmen·

380 4047 441 4108 tat.
460 4039 527 4122 Qui
543 4063 628 4109 uero
644 4063 771 4131 aquam
789 4039 955 4123 infundit,
974 4040 1033 4108 ilio
1050 4046 1103 4108 est
1117 4042 1177 4132 qui
1189 4041 1386 4131 facitopera
1402 4044 1509 4128 bona;
1521 4041 1570 4111 sed

434 4257 469 4325 (1)
489 4256 633 4310 Dominica
654 4254 773 4324 .a.ciiij¹.
799 4261 864 4324 post
887 4254 1009 4309 octabam
1031 4255 1232 4323 Penthecostes,
1254 4258 1406 4315 secundam
1421 4262 1566 4316 Mattheus.

381 4343 474 4413 .vtiij⁰.
484 4375 518 4383 -
534 4344 683 4414 Loquente
699 4344 784 4398 ihesu
800 4344 836 4398 ad
852 4343 962 4406 turbas,
980 4359 1046 4397 ecee
1062 4344 1198 4415 princeps
1213 4361 1291 4401 unus
1305 4351 1442 4408 accessit.

435 4432 472 4503 (2)
492 4434 585 4488 hieme
600 4449 729 4487 sermon.

434 4521 472 4590 (3)
492 4521 573 4576 Ainsi
588 4539 662 4592 pour
676 4521 787 4576 ducens.

435 4608 471 4680 (t)
493 4611 571 4665 Dans
586 4609 718 4666 l'edition
733 4610 769 4666 de
786 4612 853 4666 ¹520
869 4626 906 4664 011
919 4609 972 4664 lit:
989 4614 1112 4666 correcti.
