3270 5626
214 447 260 496 312
448 446 599 501 ODONIS
624 449 676 501 DE
702 449 915 501 cumaena
941 445 1192 499 PARABOLAE.

278 662 399 717 crau.
421 695 455 704 -
475 665 526 718 nr
550 664 682 719 auaro
711 663 933 720 nanniano
956 665 980 717 a
1006 662 1177 728 ouaoau
1200 663 1360 719 nomas

667 761 896 817 uosrrraro
921 760 970 832 (t).

284 927 382 995 Vnde
404 950 484 997 cum
502 928 623 997 beatus
644 927 842 997 Bernardus
861 929 969 997 semel
989 929 1027 996 in
1041 927 1145 997 domo
1160 928 1348 997 cuiusdam
1366 928 1416 997 do

218 1045 314 1111 mine
329 1042 582 1134 hospitaretur,
601 1045 677 1134 ipsa
693 1044 819 1112 uidens
835 1067 916 1113 eam
931 1043 1226 1136 pulcherrimum,
1244 1043 1338 1113 cirea
1356 1067 1417 1112 me·

216 1158 311 1227 diam
334 1166 475 1227 noctem
501 1160 633 1228 lectum
657 1161 734 1228 eius
760 1159 858 1228 adiit.
886 1160 1000 1242 Quam
1022 1182 1103 1227 eum
1132 1182 1240 1227 eausa
1263 1159 1415 1228 libidinis

218 1275 382 1364 [uenisse]
406 1275 650 1358 intellexisset,
666 1275 835 1343 clamauit
851 1298 859 1344 ε
878 1276 1061 1344 Latrones!
1079 1275 1269 1344 Latrones!
1288 1275 1332 1343 Et
1351 1298 1416 1343 sur·

216 1390 381 1480 gentihus
406 1392 478 1459 illis
503 1390 564 1481 qui
592 1391 789 1475 audierant,
815 1391 878 1460 illa
902 1392 1057 1460 recessit.
1079 1391 1337 1460 Verumtamen
1363 1393 1416 1458 ite

217 1529 297 1574 rum
312 1505 468 1575 et-tercio
485 1528 627 1574 reuersa
642 1513 706 1590 est,
722 1513 756 1574 et
770 1508 898 1575 itemm
914 1529 1054 1598 semper
1066 1507 1248 1590 clamauit,
1256 1506 1332 1597 nol(
1335 1507 1416 1596 llens

217 1644 294 1689 eam
314 1620 486 1713 detegere,
509 1621 568 1690 sed
588 1623 721 1713 fugare.
741 1622 780 1690 ln
800 1623 952 1691 erastino
967 1622 1158 1713 requisitus
1177 1645 1198 1690 a
1218 1645 1283 1690 suo
1304 1645 1416 1691 mona·

217 1736 283 1806 eho
302 1760 410 1828 quare
434 1744 507 1806 tota
524 1744 626 1806 nocte
648 1739 803 1806 latrones
825 1738 1003 1822 clamauit,
1026 1736 1207 1828 respondit
1228 1736 1325 1828 quod
1347 1739 1416 1830 qui·

217 1851 296 1921 dam
324 1853 380 1920 fur
403 1853 503 1921 uenit
522 1852 565 1921 ad
585 1854 717 1922 lectum
743 1875 848 1921 suum
869 1854 993 1922 uolens
1015 1859 1192 1944 asportare
1216 1854 1414 1922 thesaurum

217 1990 322 2059 quem
343 1977 619 2059 congregauorat
639 1969 675 2037 in
696 1975 768 2037 tota
783 1969 858 2037 uita
880 1992 956 2052 sua,
973 1969 1106 2037 seilicet
1128 1970 1276 2052 ieiunia,
1294 1970 1414 2038 oracio

217 2106 280 2152 nes
300 2091 334 2152 et
352 2082 445 2152 bona
460 2106 565 2173 opera
584 2108 652 2176 que
672 2085 785 2176 gratia
801 2084 862 2152 Dei
878 2085 1021 2153 suerunt
1035 2083 1215 2153 deaurata.

289 2316 428 2373 CXXIII.
453 2348 489 2358 -
515 2318 565 2372 llll
584 2317 766 2373 ARCHITA
786 2316 970 2372 OFFENSO
996 2318 1020 2371 Α
1047 2316 1280 2373 SERVIEN'I'E
1304 2317 1352 2390 (2).

284 2493 383 2562 Vnde
398 2495 542 2563 Archita
556 2495 821 2585 T(lr)arontinus
846 2495 998 2562 offensus
1022 2494 1194 2563 seruienti
1220 2495 1271 2563 ait
1284 2516 1292 2563 :
1306 2496 1413 2575 Quan-

218 2615 292 2677 tum
308 2616 342 2678 te
357 2610 574 2693 afflictarem,
589 2612 658 2678 nisi
674 2612 783 2679 iratus
798 2613 927 2679 essem!

395 2826 527 2881 cxxrv.
559 2855 595 2865 -
626 2825 677 2879 oa
702 2826 837 2882 eaava
864 2826 913 2881 nr
938 2824 1129 2882 smarnos
1156 2825 1246 2881 sors

660 2922 906 2978 oaaaurorrs
932 2924 980 2994 (a).

285 3091 393 3158 Curua
419 3093 455 3157 in
478 3114 561 3182 agro
589 3092 735 3180 peperit,
764 3099 798 3158 et
825 3091 977 3183 reliquid
1008 3091 1080 3182 (sic)
1106 3092 1197 3159 fetus
1223 3115 1317 3173 suoS,
1341 3090 1417 3180 quia

218 3228 290 3272 non
307 3214 379 3273 erat
396 3206 515 3274 herba.

286 3321 394 3388 Cerua
415 3321 544 3389 dieitur
560 3322 673 3390 tidelis
693 3324 824 3405 anima,
842 3347 909 3414 que
926 3324 1018 3412 parit
1036 3321 1128 3389 bona
1143 3345 1260 3411 opera,
1283 3321 1343 3389 sed
1357 3324 1418 3387 Ire·

218 3442 366 3528 quenter
380 3460 450 3503 non
469 3446 680 3527 perseuerat,
699 3440 866 3528 quoniam
883 3437 990 3505 herba
1005 3437 1104 3505 uerbi
1127 3437 1188 3504 Dei
1204 3460 1277 3505 non
1292 3445 1418 3506 susten-

218 3559 324 3621 tatur.

393 3723 510 3779 cxxv.
540 3754 575 3762 --
602 3724 651 3777 oa
679 3723 866 3778 nosram
892 3724 940 3776 ar
968 3721 1182 3778 aasrmsco
1210 3722 1260 3792 (l.

285 3892 432 3960 Mustela
453 3914 614 3983 pugnans
639 3914 719 3958 eum
744 3890 918 3972 basilisco,
941 3889 1081 3981 quando
1104 3913 1283 3958 uenenoso
1307 3913 1420 3956 morsu

219 4007 439 4088 uulneratur,
467 4008 616 4075 recurrit
636 4007 678 4074 ad
702 4007 941 4096 plantaginem
967 4029 1035 4097 que
1062 4029 1104 4073 ex
1134 4003 1308 4074 industria
1330 4007 1421 4073 iuxta

273 4187 310 4257 (t)
328 4188 421 4240 Mtrne
437 4202 567 4240 sermon.

273 4276 312 4345 (2)
329 4277 422 4329 lltme
443 4292 573 4330 sermon.

272 4364 309 4434 (3)
327 4366 469 4419 Dominiea
488 4366 560 4434 .otj⁸.
573 4371 639 4436 post
653 4364 781 4418 ortulum
806 4366 985 4430 Pentecostes,
1005 4362 1157 4416 securtdam
1173 4363 1327 4425 Moechum,
1339 4364 1418 4429 sap.

216 4454 339 4507 -Cum
356 4453 441 4507 turba
457 4452 585 4523 plurIma
602 4459 677 4509 esset
695 4468 762 4507 eum
776 4451 936 4517 lhesu,nec
954 4451 1096 4506 habereut
1107 4451 1179 4522 quid
1195 4451 1417 4506 manducarent.

272 4541 308 4612 (4)
326 4543 418 4595 lldrue
435 4559 563 4596 sermon.
