3270 5626
362 483 407 532 214
594 478 744 529 ODONIS
770 479 821 529 ΒΕ
847 478 1060 531 CERl'l'ONA
1081 477 1331 530 PARABOLAE.

361 625 557 717 gratulatus
577 645 668 704 sum,
695 623 777 712 quia
800 622 970 691 Dominus
992 622 1166 691 subtraxit
1188 644 1244 692 me
1269 645 1289 690 a
1311 630 1467 713 peceato.
1490 625 1564 706 Quo

362 741 493 823 audito,
511 739 675 807 dixerunt
689 760 790 806 senes
807 759 815 805 :
834 739 976 830 Equalis
996 745 1050 807 est
1068 761 1190 808 eorum
1211 740 1421 831 penitentia.

432 1024 545 1080 xxlll.
565 1024 670 1077 —DE
696 1024 866 1090 QUODAM
894 1024 994 1080 SENE
1021 1025 1260 1082 llECUSANTE
1288 1025 1421 1081 VINUM
1442 1029 1493 1098 (ll.

426 1203 504 1270 Non
519 1201 733 1270 manducans
748 1200 1019 1270 manducantem
1039 1224 1111 1270 non
1129 1207 1284 1292 spernat.

428 1318 526 1386 Vnde
548 1317 691 1407 quidam
713 1339 820 1384 senex
842 1318 942 1385 uenit
965 1316 1007 1385 ad
1028 1316 1203 1408 quandam
1231 1317 1475 1387 lestiuitatem.
1502 1320 1561 1388 Cui

360 1457 440 1504 cum
463 1435 588 1501 uinum
613 1433 862 1524 porrigeretur,
886 1433 933 1500 ait
961 1455 969 1500 ε
996 1433 1157 1501 Tollitea
1181 1455 1237 1502 mc
1266 1439 1417 1503 mortem
1445 1436 1558 1503 istam.

361 1550 460 1632 Quod
479 1548 645 1617 uiderunt
665 1548 743 1630 alii3
765 1546 878 1642 adhuc
897 1532 968 1616 alia
983 1549 1061 1617 uice
1081 1542 1237 1617 oblatum
1257 1555 1310 1617 est
1329 1550 1374 1632 ei,
1397 1557 1430 1618 et
1451 1551 1561 1620 noluit

360 1667 528 1755 accipere.
546 1664 613 1732 Sed
633 1686 713 1732 cum
732 1663 868 1732 uideret
884 1663 993 1731 alium
1008 1665 1175 1755 recipere,
1196 1666 1408 1757 contempsit
1427 1689 1511 1734 eum
1529 1673 1563 1736 et

361 1781 451 1871 fugit
465 1780 502 1847 in
518 1781 663 1869 criptam
677 1801 745 1869 que
760 1778 885 1848 cecidit
904 1802 1117 1869 supereum.
1135 1781 1273 1849 Etcum
1288 1779 1455 1850 audirent
1472 1786 1561 1851 soni·

360 1904 449 1980 tum,
461 1901 687 1965 occurrerunt
702 1902 736 1964 et
751 1896 968 1965 inuenerunt
979 1898 1208 1980 seminium,
1223 1903 1256 1966 et
1273 1897 1494 1990 obiurgando
1513 1899 1562 1967 di·

361 2018 488 2081 xerunt
503 2034 510 2078 :
529 2012 624 2080 Fecit
637 2011 729 2079 Deus
743 2010 935 2080 uindictam
951 2013 1031 2080 inte
1044 2013 1471 2104 prouanagloria.Abbas
1481 2037 1561 2083 uero

361 2128 473 2197 dixit:
492 2128 668 2196 Benefecit
690 2127 793 2209 Deus,
817 2128 900 2217 quia
925 2150 986 2217 per
1013 2130 1120 2196 istum
1140 2128 1243 2196 multi
1267 2129 1507 2221 corrigentur;
1529 2140 1561 2199 et

361 2245 465 2315 iussit
476 2243 569 2336 quod
584 2265 656 2310 non
672 2241 955 2311 rehedificaretur
970 2242 1090 2333 cripta,
1110 2251 1146 2312 vt
1160 2245 1272 2313 sciant
1291 2244 1457 2315 homines
1472 2247 1560 2338 quod

360 2365 500 2451 propter
518 2359 664 2442 calicem
684 2359 763 2426 uini
785 2358 922 2427 cecidit.

427 2476 513 2544 Ecce
529 2474 622 2567 quod
642 2474 869 2566 singularitas
889 2474 1112 2563 reprobatur.

485 2724 592 2779 xxiv.
612 2754 648 2763 -
666 2723 716 2778 nc
743 2722 912 2788 ononau
938 2709 1218 2779 nnscserrar'o
1245 2724 1440 2781 rnorrau

682 2820 887 2876 cacmuas
913 2820 1168 2877 sacsnnorrs
1190 2822 1238 2893 (a).

429 3001 576 3083 Quidam
598 2999 769 3081 sacerdos,
788 2998 949 3067 laborans
971 3002 1007 3066 in
1027 3001 1141 3083 uinea,
1160 3008 1304 3069 uocatus
1325 3009 1377 3069 est
1397 3003 1441 3070 ad
1458 3027 1561 3094 quen·

362 3117 442 3185 dam
467 3124 637 3206 egrotum,
659 3121 698 3182 ut
718 3115 947 3204 penitentiam
975 3117 1050 3183 eius
1077 3117 1257 3205 reciperet,
1275 3117 1340 3198 Qui
1363 3119 1412 3185 ait
1437 3121 1561 3187 nuncio

362 3231 454 3323 quod
476 3233 593 3298 statim
619 3232 768 3312 ueniret,
792 3232 875 3322 quia
894 3230 1071 3300 modicum
1100 3255 1188 3321 opus
1218 3232 1371 3301 restabat
1393 3233 1437 3300 ad
1465 3236 1562 3325 perfi-

363 3346 538 3417 ciendum.
565 3347 721 3414 Nuncius
749 3347 887 3415 rediens
910 3349 1049 3415 inuenit
1073 3349 1141 3415 iam
1169 3349 1381 3416 morientem
1406 3356 1441 3418 et
1462 3352 1560 3441 paulo

364 3470 440 3552 post
460 3463 558 3530 uenit
572 3461 743 3544 sacerdos,
761 3470 795 3529 et
810 3465 959 3531 nuncius
979 3464 1077 3530 uenit
1092 3463 1230 3546 obuius,
1247 3463 1367 3532 dicens
1385 3466 1481 3556 quod
1497 3490 1561 3534 non

364 3584 539 3668 oporteret
561 3579 675 3667 ipsum
695 3577 863 3660 laborare,
882 3580 1049 3669 quoniam
1073 3584 1212 3668 egrotus
1239 3580 1427 3669 expirauit.
1447 3581 1562 3650 Sacer-

363 3693 437 3778 doS,
455 3716 560 3783 supra
576 3693 719 3761 modum
732 3692 865 3774 dolens,
880 3699 992 3761 totum
1008 3716 1044 3761 se
1060 3695 1097 3761 in
1113 3694 1272 3761 lacrimas
1287 3694 1395 3775 dedit,
1415 3719 1457 3766 eo
1476 3696 1563 3788 quod

365 3834 426 3901 pro
446 3810 548 3900 culpa
572 3833 634 3877 sua
659 3810 814 3876 animam
835 3810 1032 3898 periculum
1056 3810 1229 3877 sustinere
1254 3809 1413 3878 credidit.
1438 3814 1561 3881 Anima

365 3949 449 3994 uero
469 3928 606 4015 corpori
628 3923 796 4009 redditur,
819 3933 852 3992 et
868 3926 1026 4015 quesitus
1046 3924 1221 4016 quomodo
1244 3926 1384 4010 reuixit,
1402 3929 1454 3995 ait
1475 3927 1561 4019 quod

366 4041 509 4131 spiritus
527 4042 618 4131 nigri
639 4040 793 4108 animam
813 4040 1070 4130 ldelduxerunt.
1095 4042 1133 4108 Et
1155 4046 1331 4109 uenerunt
1350 4043 1469 4133 angeli
1490 4044 1562 4135 pul-

365 4156 545 4239 cherrimi,
556 4162 590 4225 et
604 4156 768 4225 dixerunt
779 4158 890 4247 nigris
905 4157 996 4248 quod
1010 4157 1165 4224 animam
1181 4158 1316 4245 corpori
1328 4159 1561 4238 restituerent,

367 4273 533 4362 quoniam
557 4273 726 4339 Dominus
746 4274 898 4362 gemitus
923 4279 957 4339 et
982 4272 1142 4339 lacrimas
1166 4271 1357 4339 sacerdotis
1377 4276 1561 4365 prospexit.

422 4451 459 4519 (l)
477 4453 569 4503 llenre
583 4467 712 4504 sermon.

422 4541 459 4608 (2)
476 4540 566 4592 ltdmc
581 4556 710 4593 sermon.
