3270 5626
216 440 247 491 aa
552 428 688 492 eruor
715 440 795 494 sun
821 402 1082 494 nss'rrnnns

216 589 296 647 nent
314 603 358 645 un
382 589 472 646 autre
492 585 649 664 glossaire
671 587 737 648 tres
760 588 834 650 bref
856 592 890 650 et
910 588 1068 666 quelques
1088 605 1264 651 morceaux
1287 590 1413 654 theolo-

216 693 341 772 giques.

275 800 342 861 Fol.
365 802 478 860 90-148
497 816 504 858 :
525 800 763 863 commentaire
784 800 824 863 de
844 802 953 864 Pierre
972 802 1062 863 Helie
1083 819 1140 863 sur
1158 803 1318 878 Priscian,
1335 803 1415 865 dont

215 907 300 973 voici
314 906 363 967 les
376 906 535 984 premiere
550 911 658 968 mots:
675 930 691 961 «
703 907 749 967 Ad
764 907 924 987 majorem
937 909 1015 970 artis
1030 910 1240 988 grammatice
1255 912 1414 991 cognitio·

215 1030 304 1087 nem,
318 1013 424 1091 primo
439 1012 616 1075 videndum
631 1017 683 1076 est
693 1013 771 1091 quid
784 1015 826 1075 sit
839 1016 1058 1094 grammatica.
1075 1037 1090 1070 o

275 1121 343 1181 Fol.
374 1123 506 1183 lle-162
531 1137 538 1178 :
560 1118 654 1180 Liber
676 1119 899 1200 equivocorum,
921 1121 1015 1183 truite
1030 1120 1088 1184 des
1109 1121 1342 1201 homonymes,
1359 1124 1414 1202 qui

215 1244 407 1289 commence
423 1243 529 1304 parce
542 1243 616 1288 vers
631 1227 742 1288 leonin
758 1244 765 1287 :

410 1369 561 1438 Augustus,
577 1369 609 1436 ri,
623 1374 661 1436 to,
675 1369 763 1423 Cesar
775 1368 820 1424 vel
834 1366 944 1424 mensis
956 1367 1074 1424 habeto.

277 1521 319 1580 Le
345 1523 430 1581 texte
453 1524 503 1581 est
522 1520 671 1597 euplique
690 1537 748 1598 par
767 1519 826 1581 des
849 1519 958 1598 glosas
980 1520 1218 1583 interlineaires
1238 1525 1272 1582 et
1292 1537 1351 1599 par
1371 1539 1415 1582 un

215 1626 451 1687 commentaire
470 1627 606 1703 prolixe,
620 1625 776 1688 debutant
791 1626 893 1687 ainsi:
912 1649 928 1682 «
941 1623 1111 1707 Augustus,
1127 1632 1189 1689 etc.
1204 1628 1240 1687 ln
1252 1628 1413 1706 principio

215 1731 314 1810 hujus
326 1733 400 1792 libri
413 1732 596 1811 assignatur
608 1737 721 1794 auctor
735 1732 952 1796 differentiam
964 1734 1049 1796 inter
1063 1733 1147 1796 hanc
1159 1734 1338 1796 dictionem
1349 1734 1414 1794 Aa·

213 1845 332 1919 gustus,
350 1855 412 1916 que
433 1844 484 1900 est
500 1855 622 1900 nomen
641 1840 881 1901 substantivum
897 1839 1068 1919 cujusdam
1082 1840 1207 1903 mensis
1223 1845 1324 1920 otest
1341 1857 1414 1918 pro-

216 1945 323 2023 prium
338 1963 460 2007 nomen
474 1946 680 2024 imperatoris
696 1947 870 2008 Romani.»
889 1946 930 2008 Ce
945 1947 1038 2008 traite
1056 1946 1115 2010 des
1129 1946 1350 2026 homonymos
1367 1951 1417 2009 est

217 2052 355 2113 termine
376 2070 433 2129 par
452 2056 537 2113 cette
558 2053 777 2131 souscription
797 2053 1063 2131 precedemment
1078 2054 1301 2116 transcrite‘et
1316 2055 1417 2132 expli·

218 2160 301 2236 quee
322 2176 360 2217 t«
377 2159 513 2237 Explicit
528 2159 611 2220 liber
629 2160 863 2237 equivocomm
875 2159 983 2221 fratris
996 2161 1030 2223 G.
1048 2160 1088 2221 de
1101 2160 1272 2238 Barqueto.
1293 2184 1307 2215 »

277 2266 345 2325 Fol.
362 2268 502 2326 163-177.
519 2266 623 2328 Traite
640 2265 699 2328 des
712 2283 912 2345 synonymae
926 2272 1153 2344 commencant
1169 2267 1253 2328 ainsi
1269 2284 1276 2326 :

410 2415 454 2471 Ad
470 2432 605 2472 marene
621 2415 721 2472 videar
735 2414 837 2472 latices
849 2414 976 2485 deterre,
992 2417 1108 2472 camino

413 2504 611 2578 igniculum„

279 2658 302 2718 ll
317 2661 367 2719 est
381 2657 498 2736 charge
512 2656 553 2718 de
567 2658 676 2736 gloses
692 2657 932 2718 interlineaires
947 2661 980 2717 et
992 2655 1069 2717 d‘un
1080 2657 1159 2737 long
1170 2657 1416 2732 commentaire,

221 2765 287 2843 qui,
307 2781 435 2826 comme
448 2764 533 2824 celui
552 2762 596 2823 du
611 2763 704 2824 traite
713 2762 900 2840 precedent,
910 2763 1102 2836 ressemble,
1118 2766 1211 2823 ason
1226 2762 1337 2837 debui,
1360 2779 1420 2823 aux

220 2871 472 2932 commentaires
487 2868 545 2930 des
564 2869 669 2930 iables
682 2869 868 2947 esopiques,
881 2872 915 2930 et
930 2885 1122 2930 commence
1140 2884 1181 2930 en
1196 2885 1252 2931 ces
1276 2873 1418 2931 termes:

224 2978 275 3037 «Α
288 2977 382 3037 titulo
403 2975 623 3036 inchoandum
639 2977 735 3037 estin
754 2975 817 3036 hoc
830 2975 926 3036 libro.
943 2976 1066 3037 Titulus
1086 2975 1159 3036 talis
1180 2980 1230 3037 est
1247 2992 1254 3034 τ
1272 2999 1288 3031 «
1305 2977 1422 3054 lncipit

221 3081 432 3144 Eucheridioa
448 3083 594 3161 magistri
614 3081 745 3143 (ialtridi
766 3082 806 3143 de
826 3082 1011 3157 Vinosalvo,
1029 3088 1062 3143 et
1076 3081 1195 3143 dicitur
1209 3079 1420 3142 Enoecadioe

221 3191 261 3252 ab
279 3209 316 3249 en
337 3188 423 3267 quod
443 3195 493 3250 est
513 3190 557 3263 in,
575 3192 607 3249 et
626 3208 712 3269 cyma
731 3188 818 3267 quod
837 3193 888 3250 est
905 3206 1033 3263 manus,
1055 3189 1130 3267 quia
1150 3189 1288 3267 quilibet
1307 3189 1422 3249 rolens

222 3297 341 3358 habere
362 3296 515 3358 noticiam
534 3296 766 3356 vocabulorum
786 3313 885 3356 unam
901 3295 1050 3357 eamdem
1070 3312 1141 3357 rem
1159 3295 1422 3373 circumloquen-

223 3405 305 3465 tium
322 3404 421 3463 istum
433 3403 580 3464 libellum
598 3403 690 3479 quasi
704 3403 737 3461 in
752 3419 850 3463 manu
866 3402 964 3464 debet
979 3406 1194 3480 comportare.
1210 3401 1309 3480 Cujus
1321 3402 1422 3463 libelli

223 3509 388 3570 innuenda
407 3516 457 3570 est
476 3512 621 3582 materia,
640 3509 777 3570 intentio
795 3512 828 3570 et
841 3509 975 3584 utilitas,
992 3510 1065 3587 quis
1082 3514 1195 3570 auc-tor
1210 3509 1332 3586 etquis
1348 3510 1423 3569 titu-

223 3618 285 3677 lus.
303 3639 317 3670 »
332 3617 371 3676 lt.
389 3618 422 3676 P.
440 3617 548 3695 Meyer
559 3634 577 3677 a
589 3615 697 3694 ajoute
710 3620 729 3676 a
741 3633 801 3677 son
816 3616 948 3694 analyse
967 3615 1166 3677 l’indication
1180 3615 1220 3676 de
1234 3614 1344 3676 divers
1360 3632 1425 3676 ma÷

224 3725 366 3785 nuscrits
382 3724 436 3801 qui
454 3724 656 3784 renterment
672 3740 709 3784 ce
723 3724 827 3785 traite.
841 3723 858 3784 J
864 3721 900 3783 ’ai
913 3740 955 3784 eu
971 3724 1176 3793 moi-meme,
1197 3739 1239 3783 en
1256 3723 1426 3800 analysant

222 3847 305 3892 ceux
322 3830 381 3893 des
402 3830 506 3891 iables
527 3830 566 3891 de
583 3830 730 3891 Walther
748 3828 901 3909 l'englais
921 3833 954 3891 et
977 3829 1020 3890 du
1047 3829 1204 3889 Romulus
1227 3829 1267 3890 de
1288 3830 1424 3902 Vienne,

224 3937 401 3999 l'occasion
414 3936 488 3998 d'en
506 3938 586 3998 citer
604 3953 649 3996 un
670 3936 713 3995 du
733 3944 796 3999 mu
814 3936 912 3998 siecle
931 3937 985 4013 qui
1002 3936 1032 3997 le
1051 3933 1260 4015 contient(l).
1274 3936 1317 3997 Ge
1331 3936 1425 3997 traite

223 4049 277 4107 est
288 4045 426 4105 attribue
439 4047 458 4103 a
470 4045 551 4105 lean
564 4042 603 4104 (le
617 4043 785 4104 Garlande.

285 4149 861 4229 Fol.178-183:Traitegrammatical
877 4149 957 4209 dont
970 4150 1054 4209 voici
1068 4150 1098 4209 la
1113 4149 1274 4226 premiere
1288 4149 1423 4226 phrase:

222 4281 240 4313 (ε
265 4259 487 4319 Barbarismus
510 4260 560 4317 est
586 4273 650 4317 una
675 4273 749 4333 pars
776 4256 932 4316 orationis
955 4256 1078 4316 viciosa
1104 4256 1138 4315 in
1163 4256 1331 4316 communi
1362 4272 1426 4317 ser-

224 4381 333 4425 mone.
351 4386 366 4418 »

271 4532 304 4594 (Ι)
321 4532 408 4594 Voyez
421 4530 567 4582 Fabulistes
579 4530 671 4591 latina,
684 4532 708 4580 2·
724 4531 833 4592 edition,
847 4536 866 4578 t.
881 4528 901 4590 l,
914 4544 941 4593 p.
954 4529 1009 4580 689.
