3270 5626
366 493 410 543 aa·
629 489 780 540 ODONIS
807 488 858 540 DE
885 487 1097 540 CERI’I'ONA
1120 482 1308 538 FABULAE.

363 657 470 725 quam
491 634 597 702 Diues
618 633 678 701 ille
698 633 947 722 concupiscens
968 632 1017 700 ait
1036 652 1138 699 seruo
1158 650 1222 697 suo
1240 651 1247 699 :
1265 627 1353 696 Eooe
1373 626 1491 694 Vidua
1507 624 1568 694 ilia

365 750 637 841 pinguissimam
659 747 765 816 habet
782 768 937 831 vaccam,
958 745 1045 816 rade
1061 751 1096 814 et
1115 742 1226 813 adduc
1244 743 1332 812 mihi
1353 741 1470 812 illam.
1488 740 1565 822 Qui,

365 871 567 957 preceptum
579 863 712 932 domini
725 864 780 932 sui
796 864 941 945 faciens,
958 862 1103 931 domino
1118 884 1182 930 suo
1202 859 1300 928 illam
1321 857 1490 941 adduxit;
1506 858 1564 949 qui

365 981 468 1049 iussit
479 1002 556 1048 eam
571 979 734 1061 interfici,
745 979 829 1071 quia
837 980 980 1070 pinguis
993 984 1080 1060 erat,
1092 978 1244 1068 iecitque
1255 981 1389 1066 partem
1402 973 1564 1064 decoqui,

365 1102 568 1186 partemque
587 1096 710 1176 assari,
728 1101 763 1162 ot
786 1094 829 1163 ad
845 1094 1032 1184 prandium
1057 1114 1162 1161 suum
1182 1091 1323 1160 deferri.
1349 1089 1422 1173 Set,
1453 1089 1574 1180 primo,

364 1211 529 1279 morseilo
544 1210 625 1279 inde
641 1217 819 1300 assumpto
839 1211 1041 1291 suffocatus,
1063 1207 1123 1277 iiie
1142 1208 1247 1276 Diues
1262 1204 1411 1297 interijt.

429 1326 529 1394 Vnde
544 1327 664 1394 Ysaias
684 1326 768 1395 dicit
785 1326 957 1414 [C.xxx111,
976 1349 1010 1392 v.
1029 1325 1060 1413 i]
1080 1324 1165 1408 :Ve,
1178 1321 1426 1415 quipredaris!
1441 1321 1564 1390 Nonne

364 1443 438 1533 ipse
458 1440 680 1531 predaberist
702 1441 768 1508 iste
796 1440 896 1509 diues
918 1438 1081 1530 predatus
1101 1444 1154 1508 est
1166 1460 1320 1521 vaccam,
1343 1443 1377 1506 et
1396 1435 1565 1506 Diabolus

365 1558 441 1626 eius
460 1558 628 1626 animam.

666 2045 942 2134 FABULAE
975 2043 1257 2147 QUAEDAM
1344 2070 1350 2077 ·

456 2281 568 2325 INTER
601 2280 820 2326 ODONIAMS
854 2281 890 2325 ln
924 2280 1005 2325 MSS.
1041 2279 1241 2325 coarctans
1274 2260 1477 2324 alaman.

823 2521 1122 2633 PROLOGUS,-

463 2733 499 2777 m
538 2720 797 2777 aramenus-:cn
829 2731 1054 2779 renuamus
1085 2704 1220 2778 comer
1251 2726 1374 2801 nauca
1404 2710 1461 2791 88,

597 2846 838 2894 aernanrico
866 2807 1040 2894 rnoa'ooo
1073 2846 1324 2893 rnarosrrus.

429 3046 517 3136 (Fol.
542 3047 583 3113 34
599 3047 648 3134 a.)
673 3047 798 3115 Beatus
819 3046 982 3130 Basilius,
1000 3037 1212 3138 coaggerans
1232 3047 1394 3137 iuuenes,
1420 3044 1562 3114 docebat

362 3142 420 3229 eos
442 3163 559 3229 anime
584 3161 822 3251 munditiaim]
840 3169 874 3230 et
889 3162 1203 3253 impassibilitatem
1221 3161 1388 3250 eorporis
1404 3182 1562 3257 gressum

361 3277 495 3358 mitem,
513 3299 636 3345 uocem
657 3284 910 3363 mensuratam,
933 3278 1083 3345 uerbum
1104 3277 1192 3345 bene
1213 3277 1427 3360 ordinatum,
1449 3298 1564 3369 eseam

361 3398 394 3459 et
428 3398 548 3481 potum
580 3392 888 3477 intumultuosum,
925 3394 967 3460 ad
1003 3395 1162 3461 seniores
1190 3392 1484 3476 taciturnitatem,
1523 3390 1563 3459 ad

361 3507 589 3597 sapientiores
610 3507 838 3590 auditionem,
862 3508 904 3576 ad
925 3508 1097 3577 sublimes
1119 3508 1370 3590 subditionem,
1393 3508 1440 3577 ad
1459 3529 1565 3600 equa·

338 3616 411 3689 'les
435 3630 470 3690 et
490 3623 645 3690 minores
670 3606 851 3690 caritatem
877 3647 948 3692 non
971 3625 1100 3707 fictam,
1127 3646 1236 3713 pauca
1259 3623 1401 3705 dicere,
1415 3622 1565 3715 plurima

360 3744 477 3835 autem
498 3737 708 3829 intelligere,
731 3761 801 3805 non
816 3740 1023 3806 temerarios
1040 3738 1163 3822 uerbo,
1186 3762 1257 3807 non
1280 3738 1587 3829 superabundare·

362 3853 596 3935 sermonibus,
622 3877 693 3921 non
722 3854 843 3945 faciles
874 3854 915 3922 ad
940 3856 1050 3923 risum
1078 3877 1165 3936 esse,
1188 3854 1405 3943 uerecundia
1433 3857 1590 3937 ornari‚.

361 3970 661 4038 cummulieribus
673 3947 949 4038 irrouerentihus
965 3994 1035 4039 non
1049 3969 1240 4061 disputare,
1254 3964 1425 4069 deorsum
1433 3971 1564 4054 uisum,

361 4080 501 4152 su'rsum
515 4084 643 4161 habere
656 4083 826 4167 animum,
838 4086 960 4177 fugere
977 4087 1281 4175 eontradietiones,
1294 4108 1367 4154 non
1383 4082 1567 4179 magistra·

362 4199 431 4267 lem
445 4194 615 4289 usurpare
631 4199 851 4290 dignitatem,
868 4201 959 4268 nihil
976 4203 1178 4270 existimare
1191 4224 1314 4270 omnes
1329 4202 1442 4285 seculi
1458 4201 1567 4271 hone

362 4336 428 4381 res.
442 4314 477 4383 Si
493 4322 610 4383 autem
626 4317 705 4406 quis
722 4310 834 4407 potest
844 4316 922 4384 aliis
934 4316 1113 4407 proficere,
1126 4317 1219 4408 apud
1233 4318 1566 4408 Deum.ex[s]peetet

249 4476 270 4497 .·
362 4427 535 4498 bonorum
565 4412 721 4521 operum'
744 4414 1024 4529 retributionem,
1059 4433 1096 4500 in
1131 4431 1270 4530 Christo
1302 4432 1383 4501 lesu
1415 4433 1566 4524 Domino

199 4560 207 4573 ·
318 4622 323 4631 ι
352 4551 493 4612 nostro.
