3270 5626
213 503 259 552 326
445 496 595 549 ODONlS
622 496 672 548 DE
698 496 908 547 CERITONA
934 496 1182 550 PARABOLAE.

214 644 346 713 marito
366 665 429 710 suo
446 639 681 710 osculabatur.
699 640 794 708 Dixit
813 641 844 708 ei
865 641 1036 708 meritus:
1057 641 1180 710 Amica
1200 665 1292 722 mea,
1309 666 1409 734 quare

213 760 396 850 leprosum
407 756 588 839 osculeris,
599 756 944 846 eteumleproso,me
960 763 1132 846 presente,
1145 757 1411 827 deliciasdueis?

283 874 432 943 Maritus
447 879 499 941 est
508 871 678 955 Christus,
689 894 817 962 sponsa
833 870 1025 962 [inllidelis
1035 873 1171 956 anima3
1183 874 1344 963 leprosus
1364 883 1411 943 est

215 989 395 1074 Diabolus,
412 987 578 1071 mundus,
599 989 658 1056 uel
673 994 865 1078 peceatum.

350 1255 434 1312 CLV.
463 1284 500 1298 -
527 1257 578 1311 DE
607 1256 776 1321 QUODAM
804 1256 916 1310 MARE
943 1256 1204 1313 TRANSITURO
1235 1259 1284 1327 (ll.

288 1435 374 1501 ltem
402 1431 557 1523 quidem,
584 1454 664 1500 oum
690 1430 832 1500 deberet
859 1453 954 1501 mare
976 1433 1141 1517 transire,
1159 1436 1325 1524 promisit.
1349 1435 1409 1503 Deo

218 1547 311 1640 quod
332 1550 448 1638 ipsum
468 1569 652 1638 nunquam
674 1547 876 1616 offenderet.
898 1547 965 1615 Sed
984 1570 1065 1617 cum
1087 1550 1287 1638 perieulum
1310 1552 1409 1619 moris

220 1670 393 1748 euaserat,
418 1665 455 1730 in
479 1664 581 1732 litore
600 1662 715 1731 celum
737 1664 922 1752 aspiciens,
939 1663 1010 1732 ait:
1033 1663 1143 1749 Certe,
1162 1665 1280 1748 lhesu,
1297 1666 1409 1760 decepi

212 1787 257 1864 te,
279 1780 362 1870 quia
377 1779 590 1870 promissum
606 1801 678 1847 non
693 1778 851 1847 seruabo.

282 1894 499 1963 Huiusmodi
518 1918 589 1963 non
610 1895 814 1985 intelligunt
827 1894 959 1986 ubique
984 1896 1174 1964 Dominum
1199 1920 1277 1965 esse
1306 1899 1410 1965 omni·

218 2016 415 2103 potentem3
437 2033 508 2078 non
524 2009 671 2080 credunt
685 2010 779 2100 quod
790 2010 921 2102 ubique
935 2016 1031 2080 tenet
1041 2011 1212 2081 malleum
1228 2014 1365 2095 mortis,
1379 2019 1410 2081 ul

221 2148 326 2218 quem
346 2126 425 2195 uult
443 2127 629 2195 mortificet
643 2133 677 2194 et
695 2149 801 2217 quem
819 2127 899 2195 uult
910 2127 1077 2196 uiuitioet.

304 2394 409 2450 ctvl.
438 2424 472 2434 —
505 2394 554 2448 DE
581 2394 764 2462 Aulum,
794 2393 900 2449 TELA
929 2393 1004 2450 SUA
1031 2395 1080 2450 ET
1110 2395 1244 2468 vetto
1275 2398 1324 2467 (2).

285 2568 554 2639 Confundentur
568 2571 629 2660 qui
649 2577 838 2660 operentur
857 2571 986 2653 linum,
1002 2572 1193 2663 plectentes
1213 2579 1248 2641 et
1263 2580 1412 2643 texentes

220 2685 382 2755 subtilia!
400 2685 569 2754 Homines
589 2686 697 2768 enim,
708 2692 747 2754 ut
760 2686 899 2755 lucrum
912 2688 1104 2779 temporale
1119 2696 1305 2775 venentur,
1323 2691 1413 2759 uelut

220 2824 361 2886 aranee,
384 2801 490 2870 telem
510 2801 654 2886 fuciunt,
673 2803 805 2891 seipsos
820 2803 1056 2872 euiscerantes
1075 2811 1109 2873 et
1124 2805 1320 2876 uirtutibus
1339 2829 1412 2875 euo-

223 2925 366 2987 cuontes
382 2919 419 2986 in
435 2916 562 3008 quibus
581 2924 635 2985 est
654 2918 752 2986 sedes
768 2919 852 3000 uile,
871 2926 1046 3008 quatenus
1064 2921 1193 2990 fociant
1210 2924 1412 2991 rec-iaculum

220 3034 262 3100 ad
279 3032 487 3124 cupiendum
500 3034 632 3123 aliquid
648 3033 884 3101 commodum.
899 3035 964 3103 Sed
980 3036 1182 3125 frequentor
1197 3038 1265 3105 tela
1282 3060 1409 3115 eorum,

220 3150 311 3216 siout
331 3150 399 3217 tela
418 3172 556 3231 oroneo,
572 3151 740 3238 rapituro
759 3158 877 3218 uento

566 3417 683 3471 CLVll.
715 3448 749 3456 —
781 3418 830 3471 DE
859 3418 997 3472 lllJSCA
1027 3417 1075 3488 (3).

289 3593 409 3660 Museo
432 3592 561 3660 dicitur
585 3595 784 3674 stimulam,
809 3595 865 3661 uel
890 3595 1081 3677 niaeulans,
1103 3597 1159 3663 uel
1186 3599 1410 3667 tumultuans.

226 3709 416 3776 stimulans
435 3730 497 3798 per
516 3731 635 3776 curam
655 3716 689 3777 et
708 3709 996 3792 sollicitudinem,
1017 3711 1198 3778 morulans
1220 3737 1281 3803 por
1301 3716 1413 3804 gulam

229 3831 260 3893 et
283 3825 471 3906 luxuriam,
494 3826 715 3892 tumultuans
735 3848 796 3914 per
819 3825 1011 3895 inunitatem
1032 3833 1065 3894 et
1081 3827 1295 3915 superbiam.

270 4047 306 4118 (t)
323 4048 415 4102 lleme
430 4063 560 4102 sermon.

271 4138 309 4207 (2)
326 4138 469 4192 Dominico
490 4147 559 4191 mee.
575 4143 637 4207 post
665 4136 790 4191 octabam
812 4139 992 4201 Pentecostes,
1008 4139 1154 4193 secondum
1168 4141 1333 4203 Moturum,
1358 4145 1411 4212 ‚eje

216 4256 249 4264 -
269 4226 361 4281 llemo
375 4231 472 4296 potest
487 4225 601 4280 duobus
617 4225 743 4280 dominis
759 4226 881 4281 seruire.

271 4315 309 4385 (3)
325 4315 416 4370 Meme
430 4331 560 4370 sermon.
