3270 5626
304 493 476 545 urcoanr
498 495 636 547 aozon
668 497 865 549 exeunte
894 476 1088 557 oudonu.
1252 501 1296 550 aar

89 638 357 720 vestimentum,
373 639 457 729 quia
477 662 566 730 opus
581 639 779 732 iniquitatis
796 643 832 709 in
847 641 1012 710 manibus
1032 664 1168 710 eorum.
1187 642 1297 712 Pedes

93 755 243 844 [eorum]
261 752 304 822 ad
319 753 454 823 malum
468 756 541 846 (sol.
560 757 651 847 121⁸)
668 763 828 841 currunt,
846 759 942 826 viam
962 759 1057 848 pacis
1077 758 1294 827 nescierunt.

305 1015 338 1070 x.
362 1047 399 1056 -
421 1016 584 1087 [voires
609 1016 656 1070 rr
680 1017 771 1072 ovrs
796 1018 837 1072 ru
861 1017 1006 1088 nureo]
1032 1017 1080 1089 (ι).

157 1200 246 1290 (Fol.
266 1201 524 1289 tarel-Dicit
538 1202 690 1294 Spiritus
706 1209 861 1286 sanctus,
879 1203 983 1271 Prov.
1002 1207 1022 1271 8
1041 1204 1088 1295 (2)
1103 1225 1110 1273 :
1124 1203 1160 1272 Si
1171 1203 1296 1291 admit7

90 1323 142 1384 tas
152 1316 405 1407 alienigenam,
418 1324 593 1408 pervertet
602 1325 636 1386 te
648 1324 683 1386 et
692 1317 863 1386 alienabit
873 1323 906 1386 le
917 1324 937 1386 ia
948 1319 1016 1388 viis
1026 1321 1187 1410 propriis
1199 1319 1297 1389 Sicut

89 1431 224 1521 Vulpes
239 1433 322 1501 iecit
338 1432 415 1515 Ovi,
433 1455 585 1523 querens
600 1432 775 1525 numquid
791 1432 955 1525 diligeret
973 1458 1127 1503 caseum.
1139 1475 1183 1484 -
1201 1435 1293 1520 Non,

87 1546 178 1615 dixit
192 1547 288 1631 Ovis,
306 1549 476 1639 quianon
491 1549 658 1617 convenit
671 1556 799 1617 nature
816 1571 906 1618 mee.
923 1589 968 1600 -
984 1550 1031 1617 A!
1044 1549 1134 1617 dixit
1148 1549 1292 1641 Vulpes,

88 1664 212 1732 venias
227 1685 380 1747 mecum,
398 1669 433 1731 et
447 1663 577 1732 docebo
594 1670 627 1732 te
647 1687 766 1733 amare
782 1663 875 1756 quod
890 1686 1075 1755 nunquam
1096 1667 1233 1733 amasti,
1250 1704 1294 1716 -

90 1778 158 1847 Ubi
177 1781 340 1848 invenire
360 1801 502 1848 caseum
517 1781 670 1870 poteris?
684 1780 772 1848 dixit
792 1780 886 1848 Ovis.
908 1781 968 1848 Ait
983 1780 1042 1849 ille
1060 1780 1165 1849 :Vidi
1183 1781 1294 1849 homi-

87 1916 171 1962 nem
198 1901 336 1984 porlare
360 1916 503 1964 caseum
517 1893 620 1985 juxta
642 1897 789 1979 iontem,
811 1903 847 1964 et
865 1895 971 1964 horno
991 1897 1174 1986 sospitavit
1192 1896 1291 1987 pede,

88 2017 122 2078 et
141 2008 270 2078 cecidit
293 2033 415 2080 caseus
439 2011 476 2078 in
500 2011 634 2079 fontem
659 2010 701 2079 de
720 2034 830 2080 manu
852 2035 926 2080 sua.
952 2012 999 2080 At
1021 2012 1104 2080 Ovis
1126 2011 1295 2102 querebat

87 2123 263 2214 quomodo
284 2124 427 2194 deberet
452 2124 496 2194 ad
521 2148 663 2195 caseum
692 2127 826 2195 venire.
853 2125 906 2196 Ad
925 2149 1032 2217 quarn
1053 2126 1183 2217 Vulpes
1207 2128 1257 2195 ait
1282 2148 1290 2195 :

87 2240 175 2309 Ecce
202 2264 267 2332 ego
295 2242 394 2332 prius
426 2241 638 2311 descendam
663 2244 700 2310 in
723 2266 795 2311 una
824 2243 940 2326 situla,
968 2248 1003 2310 ct
1026 2241 1202 2310 nunciabo
1227 2241 1291 2310 tibi

89 2379 262 2425 rumores.
290 2357 332 2424 Et
350 2356 532 2427 descendit
546 2365 581 2426 et
600 2380 736 2426 moram
752 2360 868 2426 traxit.
892 2359 1067 2440 Querentc
1087 2364 1205 2425 autem
1221 2357 1291 2426 Ove

87 2496 151 2541 cnr
164 2479 305 2542 tanturn
320 2473 483 2559 tardaret,
501 2474 683 2565 respondit
701 2497 843 2543 caseum
857 2475 906 2541 ita
921 2495 1090 2565 magnum
1105 2496 1181 2541 esse
1197 2473 1290 2563 quod

86 2589 182 2658 solus
201 2589 275 2680 (sic)
286 2612 358 2657 non
368 2591 482 2680 potuit
494 2597 633 2680 portare
649 2613 713 2659 nec
725 2591 875 2658 elevare.
888 2589 1068 2658 Descende
1080 2612 1163 2681 ergo
1174 2595 1212 2656 tu
1228 2611 1290 2679 per

86 2705 193 2773 aliam
209 2705 366 2789 situlam,
383 2712 418 2774 et
437 2707 555 2774 statim
569 2707 702 2776 erimus
718 2705 883 2796 expediti.
903 2705 945 2773 Et
959 2705 1009 2772 sic
1025 2705 1118 2787 lecit,
1137 2702 1197 2772 sed
1212 2706 1289 2796 ipso

85 2820 321 2890 descendente
342 2821 434 2889 alius
453 2822 610 2890 ascendit
634 2828 668 2890 el
691 2821 734 2889 ad
761 2828 890 2890 terram
913 2819 1065 2889 saltavit.
1085 2820 1127 2888 Et
1148 2818 1288 2911 quando

85 2937 167 3005 Ovis
190 2945 267 3004 erat
289 2935 326 3004 in
350 2936 536 3027 profundo,
558 2935 648 3005 dixit
666 2937 799 3028 Vulpes
819 2935 965 3004 ridendo
987 2957 994 3004 :
1023 2935 1142 3003 Est-ne
1165 2957 1288 3004 caseus

86 3051 197 3120 bouus
217 3057 253 3120 et
271 3056 477 3142 saporosus?
496 3051 549 3120 Ad
574 3074 680 3143 quem
701 3053 784 3122 Ovis
805 3074 888 3120 voce
908 3050 1129 3119 lamentabili
1151 3072 1159 3120 :
1181 3050 1288 3120 Male-

83 3167 209 3236 dicaris
229 3167 358 3236 allec!

422 3323 485 3381 For
497 3337 564 3382 was
578 3321 637 3400 byt
652 3338 753 3382 never
767 3337 846 3399 myn
861 3320 949 3398 kynd

423 3419 526 3479 Chese
542 3419 575 3478 in
590 3419 682 3481 welle
698 3423 731 3479 to
748 3418 837 3496 synd.

147 3616 269 3698 prov,
285 3614 386 3704 [C.]l,
397 3615 443 3704 [v.
457 3615 509 3702 llll
529 3613 582 3682 :Si
596 3619 630 3681 te
644 3612 854 3682 lactaverint
869 3619 1079 3704 peccatores,
1097 3633 1140 3678 ne
1157 3609 1283 3702 adqui·

83 3753 176 3800 escas
196 3731 264 3813 eis;
281 3731 311 3798 si
330 3729 510 3798 dixerint:
531 3728 621 3796 Veni
641 3728 839 3810 nobiseum,
862 3734 926 3796 etc.

472 3994 523 4048 x1.
548 4025 583 4034 -
602 3992 689 4065 [ruo
715 3992 763 4047 ur
786 3988 888 4062 uun.

150 4179 238 4270 (Fol.
254 4179 360 4269 tau.)
374 4221 419 4231 —
434 4181 476 4248 Et
494 4181 609 4271 capias
629 4177 832 4268 exemplum
852 4176 894 4244 de
915 4197 985 4242 uno
1007 4173 1120 4241 Leone
1140 4170 1201 4263 qui
1222 4193 1282 4239 vo·
1390 4237 1394 4246 ,

88 4289 149 4362 luit
166 4294 379 4387 quiescendo
403 4294 569 4377 dormire,
591 4302 625 4362 et
648 4294 726 4362 Mus
746 4293 894 4363 veniens
914 4290 1078 4357 excitavit
1102 4308 1201 4369 eum;
1223 4286 1280 4354 cui

134 4484 172 4555 (l)
186 4487 346 4555 Comparez
360 4484 466 4549 Endos,
483 4483 503 4538 l.
519 4500 575 4547 xix,
588 4485 627 4538 De
645 4484 734 4553 Vulpe
746 4488 770 4536 et
782 4483 856 4550 Lupe
871 4486 895 4534 et
909 4477 1000 4534 Situlo
1014 4477 1099 4546 pretet.

133 4573 168 4644 (2)
183 4574 248 4629 Non
267 4590 321 4645 pas
335 4573 395 4628 tio.
413 4573 633 4637 Proccrbloram,
649 4574 679 4627 C.
696 4587 753 4639 vro,
772 4568 847 4625 mais
864 4566 1075 4630 Ecclesiasticus,
1091 4566 1121 4621 C.
1137 4580 1177 4634 xr,
1193 4579 1218 4619 v.
1235 4566 1279 4618 36.
