3270 5626
630 495 860 548 conaucmo
887 498 1029 551 PRIMA.
1383 501 1432 551 36³

227 661 310 707 vero
328 639 516 721 celebrata,
541 639 712 708 sacerdoti
734 642 916 711 confessus
941 648 1005 724 est,
1030 648 1065 710 et
1082 627 1188 710 causa
1209 642 1264 710 sui
1289 641 1429 710 itineris

226 777 401 846 expressa,
424 753 587 823 videlicet
607 755 883 844 pulcritudinem
904 757 1058 848 predicte
1078 764 1249 840 matrone,
1267 758 1428 827 sacerdos

227 871 383 963 qnesiuit
397 870 439 938 ab
455 870 516 939 illo
536 871 566 938 si
584 870 627 939 ab
642 872 781 960 incepto
798 873 906 941 vellet
919 873 1086 941 desistere
1102 895 1164 962 pro
1178 895 1298 942 amore
1313 874 1449 942 cuius·
1510 863 1516 872 ’

226 985 308 1055 dam
333 985 475 1054 domine
502 986 615 1055 multo
640 987 840 1078 pulcrioris,
864 1011 932 1079 que
956 987 1008 1055 illi
1029 987 1190 1072 nuberet,
1212 988 1242 1056 si
1262 989 1425 1079 placeret.

224 1102 337 1171 Milite
351 1100 495 1192 quidem
515 1110 707 1186 annuente,
724 1103 885 1172 sacerdos
898 1105 1061 1195 ,iniunxit
1082 1105 1114 1172 ei
1134 1110 1172 1172 vt
1191 1104 1343 1197 singulis
1359 1104 1429 1174 die·

227 1217 293 1286 bus
303 1217 401 1286 illius
411 1217 494 1286 anni
510 1219 719 1308 psalterium
732 1220 839 1288 Mario
853 1220 1010 1311 Virginis
1020 1218 1150 1288 diceret
1163 1220 1329 1312 gloriose,
1346 1229 1381 1289 et
1390 1222 1428 1288 in

227 1333 297 1401 fine
317 1334 400 1401 anni
425 1333 606 1404 dominam
630 1333 696 1403 sibi
726 1336 890 1425 promisit
917 1336 1050 1404 centies
1079 1335 1303 1425 pulcriorem.
1327 1335 1428 1404 Miles

226 1451 313 1540 ipse,
331 1447 477 1518 domum
502 1448 654 1532 rediens,
676 1450 744 1518 sibi
766 1451 965 1520 iniunctum
985 1451 1137 1520 fideliter
1159 1451 1376 1542 adimpleuit,
1394 1459 1428 1520 et

225 1566 263 1632 in
281 1565 408 1634 vltimo
427 1563 484 1633 die
504 1567 588 1633 anni
608 1566 707 1634 illius
727 1568 998 1656 promissionem
1018 1567 1208 1636 sacerdotis
1227 1574 1425 1657 expectans,

224 1679 414 1770 quamdam
431 1680 505 1770 (fol.
523 1683 576 1770 10)
589 1682 761 1772 capellam
776 1682 934 1760 intrauit,
952 1690 998 1767 et,
1016 1705 1133 1751 coram
1148 1684 1312 1775 ymagine
1328 1682 1428 1751 beate

224 1795 382 1887 Virginis
399 1797 567 1886 psalterio
588 1805 758 1887 perorato,
777 1798 866 1866 vidit
882 1798 1073 1888 quamdam
1093 1798 1273 1866 dominam
1296 1800 1429 1867 incom-

224 1910 417 2002 parabilem
436 1912 480 1980 ad
500 1935 536 1980 se
551 1914 754 1981 venientem
769 1936 838 2004 que
858 1912 997 1983 dicebat
1013 1934 1021 1982 :
1044 1913 1133 1995 Quia
1149 1914 1312 1984 sacerdos
1327 1937 1427 1983 meus

224 2025 288 2095 tibi
314 2048 370 2094 mo
390 2027 553 2117 promisit
577 2028 650 2096 fore
675 2028 919 2119 copulandam,
940 2030 1021 2098 veni
1040 2035 1078 2097 vt
1095 2029 1161 2098 tibi
1180 2029 1364 2098 nuberem.
1382 2030 1425 2098 Et

223 2142 413 2233 insignum
429 2145 782 2211 amorisetmemorie
795 2145 996 2233 an[n]ulum
1012 2167 1159 2213 aureum
1174 2144 1284 2236 digito
1299 2144 1423 2212 militis

223 2257 437 2350 apponebat:
453 2265 487 2327 et
497 2258 597 2341 dixit,
610 2257 904 2350 quandocumque
915 2261 1097 2350 anlnlulus
1110 2259 1172 2328 ille
1184 2265 1422 2342 euanesceret,

223 2374 341 2443 statim
364 2373 407 2441 ad
427 2396 591 2464 sponsam
610 2397 712 2442 suam
732 2380 824 2443 esset
847 2375 988 2464 pacifice
1011 2375 1239 2466 migraturus.
1262 2376 1328 2443 Per
1347 2397 1426 2465 pro·

223 2511 361 2557 cessum
386 2496 505 2558 autem
527 2491 694 2580 temporis
719 2490 822 2557 miles
846 2490 920 2571 ille,
945 2490 1046 2559 diues
1066 2491 1198 2559 mirum
1219 2491 1258 2558 in
1280 2490 1425 2559 modum

221 2606 346 2688 lactus,
369 2627 539 2696 magnum
565 2606 772 2674 conuiuium
791 2605 952 2674 faciebat.
978 2606 1095 2674 Finito
1119 2613 1238 2674 autem
1261 2605 1421 2695 prandio,

223 2721 259 2788 in
284 2726 440 2810 tempore
458 2721 573 2789 loturc
592 2722 695 2789 miles
719 2722 812 2788 inter
831 2724 1060 2790 conuiuantes
1079 2742 1141 2813 pro
1161 2722 1272 2790 nimia
1295 2723 1426 2812 cogita·

220 2836 320 2904 cione
347 2836 589 2920 immobiliter,
612 2838 712 2927 quas'i
742 2842 840 2905 extra
869 2861 905 2906 se
935 2839 1083 2928 positus,
1110 2844 1246 2906 erectus
1273 2837 1420 2905 astabat.

219 2951 392 3021 Omnibus
411 2959 529 3021 autem
543 2952 801 3022 admirantibus
822 2961 856 3021 et
873 2976 934 3044 pro
951 2960 1092 3044 stupore
1117 2952 1319 3036 silentibus,
1337 2975 1421 3022 voce

219 3068 418 3137 clarissima
447 3068 673 3158 loquebatur,
707 3075 830 3159 petens
856 3091 877 3136 a
905 3069 1049 3138 domiuo
1078 3075 1116 3137 vt
1145 3067 1297 3161 quilibet
1329 3067 1423 3159 quod

219 3185 331 3275 magis
347 3182 509 3275 diligeret
522 3183 726 3274 possideret,
736 3191 781 3266 et,
791 3186 982 3275 respiciens
996 3184 1038 3252 ad
1050 3183 1422 3276 digitum,an[n]ulum

219 3320 291 3367 non
303 3298 457 3381 videbat;
471 3299 561 3368 vnde
574 3298 759 3369 decessum
775 3323 879 3367 suum
897 3301 1110 3389 imlmlinere
1125 3321 1351 3392 cognoscem,
1365 3322 1422 3368 co-

219 3437 294 3483 ram
309 3414 583 3484 concinentibus
599 3414 649 3483 rei
663 3421 758 3506 geste
773 3417 900 3484 seriem
919 3415 1103 3498 reuelauit,
1123 3421 1158 3483 et
1172 3415 1258 3505 ipsis
1278 3437 1422 3505 presen-

217 3529 312 3598 tibus
331 3530 374 3599 ab
391 3530 455 3599 hac
471 3531 548 3599 luce
565 3531 749 3622 migrauit.

218 3823 259 3878 lV
274 3824 465 3896 (xxxvul).
482 3826 578 3879 -DE
599 3825 769 3890 Quonam
788 3825 1122 3881 Pnrnssnulntns
1142 3824 1343 3891 QUEllDAbl
1359 3824 1418 3897 (sic)

437 3922 614 3979 nsrloull
634 3923 821 3977 HABENTE
842 3921 1106 3977 nonastlcun
1127 3921 1198 3994 (sic).

282 4098 432 4181 Quidam
447 4098 697 4189 paterfamilias
710 4098 898 4189 quemdam
908 4098 1074 4188 Aspidem
1084 4099 1170 4168 adeo
1183 4099 1415 4167 domesticum

214 4215 356 4299 lecerat,
383 4222 417 4281 vt
444 4215 594 4304 singulis
615 4212 751 4296 diebuS,
773 4238 793 4282 a
815 4237 954 4282 camera
981 4214 1158 4303 prodiens,
1184 4213 1228 4283 ad
1257 4236 1416 4282 mensam

215 4331 302 4413 eius,
320 4330 422 4421 quasi
439 4331 571 4398 victum
587 4331 771 4419 petiturus,
786 4336 995 4397 mansuetus
1008 4332 1164 4413 accessit,
1177 4330 1313 4398 nemini
1329 4329 1417 4396 infe-

215 4467 297 4514 rens
319 4446 503 4513 lesionem.
528 4444 659 4512 Deinde
679 4467 741 4533 per
760 4467 964 4535 processum
989 4445 1155 4534 temporis
1175 4443 1263 4513 duos
1282 4444 1414 4513 catulos

215 4583 303 4652 quos
320 4566 503 4651 pepererat
517 4582 637 4629 secum
656 4558 812 4642 adduxit,
834 4582 986 4650 quorum
1000 4561 1089 4628 alter
1102 4559 1260 4629 nondum
1280 4558 1417 4629 domes-
