3270 5626
370 475 522 528 ononls
547 476 598 528 bn
625 477 836 529 cnnlrona
861 477 1047 531 FABULAE.
1260 481 1307 532 2¹³

43 699 48 707 ¹
106 619 254 708 insuper
263 619 442 688 sacculum
454 620 611 710 planum.
623 621 780 690 Veniunt
789 629 975 690 uenatores
990 627 1024 688 et
1034 642 1137 689 canes
1153 622 1307 690 inlerna-

108 734 159 802 les
170 740 206 801 et
215 734 578 818 uenanturhomines;
592 736 651 804 sed
662 738 745 804 iusti
758 739 794 804 in
806 737 921 805 celum
934 736 1080 818 saliunt;
1094 735 1205 826 impii,
1214 738 1308 806 frau-

106 849 244 918 dulenti
264 873 284 918 a
303 849 512 919 demonibus
532 853 730 941 capiuntur,
749 861 783 921 et
801 859 883 921 tunc
903 858 1017 942 potest
1036 853 1150 920 iustus
1169 851 1304 920 dicere:

107 964 295 1048 Reinarde,
313 966 497 1049 Reinarde,
510 968 606 1058 aperi
617 969 797 1036 sacculum
821 974 939 1048 tuum;
953 990 1075 1035 omnes
1090 965 1229 1034 fraudes
1248 973 1308 1035 tue

109 1102 181 1149 non
197 1086 361 1170 poterunt
376 1089 410 1151 te
430 1081 579 1152 liberare
594 1106 614 1152 a
629 1081 791 1152 dentibus
812 1089 846 1151 et
864 1081 1029 1152 manibus
1048 1081 1305 1150 demoniorum.

301 1288 361 1344 xl..
388 1318 423 1329 -
449 1289 499 1344 DE
526 1289 659 1344 CORVO
686 1289 734 1344 ΕΤ
759 1288 891 1344 PULLO
917 1288 1117 1344 COLUllBE.

390 1415 529 1476 Gonu-a
546 1417 694 1476 batales
707 1417 769 1476 uel
789 1416 953 1475 dominos
971 1412 1026 1492 (4).

175 1563 311 1630 Coruus
325 1563 433 1630 semel
450 1563 566 1653 rapuit
581 1563 719 1652 pullum
735 1561 915 1644 Columba,
928 1568 963 1630 et
974 1563 1074 1630 uenit
1088 1560 1257 1630 Columba
1266 1560 1310 1630 ad

107 1675 234 1744 nidum
254 1677 370 1760 Corui,
388 1678 590 1769 supplicans
605 1676 700 1770 quod
715 1676 876 1747 redderet
890 1675 956 1744 sibi
976 1676 1116 1768 pullum
1132 1698 1249 1745 suum.
1268 1676 1310 1744 Et

106 1793 155 1858 ait
171 1792 308 1860 Coruus
326 1814 333 1862 :
351 1792 471 1862 Scisne
487 1798 648 1863 cantare?
663 1795 706 1862 Et
724 1795 774 1862 ait
787 1792 956 1863 Columba
975 1814 981 1860 :
1000 1792 1090 1875 Scio,
1109 1792 1168 1861 sed
1189 1794 1309 1860 minus

107 1906 210 1976 bene.
234 1907 277 1975 Et
297 1908 345 1976 ait
365 1909 500 1977 Coruus
524 1931 532 1978 ε
553 1911 661 1979 Canta
685 1910 804 2001 igitur.
826 1909 989 1978 Cantauit
1008 1896 1117 1996 igitur
1140 1907 1311 1977 Columba

105 2028 145 2091 ut
165 2023 283 2091 sciuit.
305 2024 349 2091 Et
366 2025 416 2091 ait
434 2024 593 2093 Coruus:
614 2025 723 2093 Canta
742 2025 884 2108 melius,
906 2024 963 2092 uel
983 2024 1117 2113 pullam
1143 2023 1215 2112 (sic)
1236 2045 1309 2091 non

106 2136 265 2206 habebis.
288 2140 330 2206 Et
348 2140 398 2207 ait
418 2139 612 2208 Columba:
633 2140 703 2208 Nec
722 2162 865 2230 possum
884 2162 950 2208 nec
973 2140 1059 2208 noui
1079 2139 1208 2207 melius
1229 2160 1310 2207 can·

105 2260 191 2321 tare.
210 2253 402 2343 Respondit
425 2254 584 2323 Coruus:
606 2255 749 2323 Pullum
769 2256 877 2347 igitur
897 2277 968 2323 non
989 2253 1145 2323 habebis.
1170 2254 1211 2320 Et
1225 2253 1308 2321 Cor-

105 2391 173 2436 uus
193 2390 275 2437 cum
291 2391 398 2438 uxore
418 2392 482 2439 sua
496 2370 635 2460 pullum
651 2369 818 2440 Columbe
834 2370 1105 2438 deuorauerunt.
1310 2355 1312 2361 ’

171 2483 229 2551 Sic
255 2482 385 2553 diuites
406 2490 442 2553 at
460 2484 627 2575 ba(i)lliui
653 2487 797 2577 capiunt
819 2485 946 2554 bouem
970 2485 1027 2552 uel
1051 2506 1135 2552 oues
1155 2484 1308 2551 alicuius

104 2599 289 2689 simplicis,
315 2606 351 2668 et
378 2601 567 2698 imponunt
591 2603 623 2669 ci
648 2601 815 2671 delictum
842 2601 899 2668 uel
927 2601 1177 2689 calumpniam.
1202 2600 1308 2668 Venit

103 2713 268 2804 simplex,
283 2716 370 2805 petit
383 2716 523 2806 pignus,
537 2716 585 2806 (p.
596 2719 673 2799 502,
689 2740 719 2785 c.
734 2717 766 2806 l)
782 2718 839 2786 uel
856 2715 949 2807 quod
964 2714 1145 2794 liberetur,
1162 2715 1308 2805 promit·

102 2831 177 2896 titv
192 2828 337 2912 solidos,
354 2830 412 2899 uel
428 2830 520 2921 plus,
537 2831 596 2900 uel
612 2832 743 2915 minus,
761 2831 956 2901 secundum
971 2853 1072 2901 suam
1087 2831 1303 2899 facultatem.

104 2945 196 3012 Dicit
219 2945 253 3013 ei
273 2943 413 3013 baiulus
436 2967 443 3014 :
470 2945 602 3030 Frater,
627 2949 743 3016 nescis
772 2949 900 3015 melius
925 2949 1087 3015 cantare?
1109 2946 1152 3014 Ni
1177 2946 1306 3013 melius

103 3060 316 3144 cantaueris,
342 3061 470 3152 pignus
496 3084 568 3131 non
595 3061 751 3132 habebis.
784 3064 873 3132 Dicit
902 3065 1052 3154 simplex
1078 3084 1086 3131 :
1108 3063 1206 3131 Certe
1230 3083 1302 3129 non

104 3177 203 3258 noui,
221 3198 287 3244 nec
302 3198 445 3266 possum
459 3177 588 3246 melius
603 3184 754 3263 cantare,
767 3180 850 3270 quia
865 3201 998 3270 egenus
1014 3200 1092 3246 sum
1108 3184 1143 3247 et
1157 3199 1302 3269 pauper,

104 3298 138 3358 et
156 3292 238 3381 plus
258 3313 329 3359 non
349 3292 605 3383 pessumdare.
628 3294 725 3362 Tunc
744 3293 844 3363 diues
864 3295 923 3363 uel
943 3297 1071 3386 pignus
1096 3295 1223 3363 retinet
1244 3292 1303 3361 uel

104 3407 208 3474 aliter
220 3407 356 3498 affligit,
374 3414 410 3476 at
423 3409 473 3476 sic
488 3431 677 3499 pauperem
692 3409 846 3478 deuorat.

310 3603 387 3659 llll.
414 3635 450 3644 -
475 3604 521 3661 DE
549 3605 744 3677 UP(P)UPA
771 3606 820 3662 ΕΤ
847 3605 1097 3661 ΡΗΙιΟΜΕΝΑ.

162 3731 304 3791 contu
317 3731 531 3792 luxuriosos
548 3736 586 3792 et
600 3734 645 3792 da
659 3733 849 3805 religiosis
864 3733 927 3804 qul
942 3745 1006 3792 eos
1021 3732 1170 3804 tugiunt
1185 3728 1241 3809 (l).

168 3875 296 3968 Vpupa
314 3877 447 3968 pulcra,
464 3879 634 3948 uarietate
649 3879 806 3949 colorum
825 3879 989 3947 distincta
1011 3884 1046 3948 et
1065 3879 1192 3947 eximie
1215 3879 1300 3947 cris-

104 3999 185 4074 tata,
208 3990 299 4061 dixit
316 3992 524 4064 Philomene
542 4017 550 4063 :
568 3995 651 4064 Tota
665 4002 766 4065 nocte
786 4002 916 4078 cantas,
939 4017 1044 4085 super
1065 4016 1180 4063 ramos
1197 3993 1304 4063 duros
1377 4025 1380 4031 ’

106 4108 221 4177 saltas.
235 4108 326 4178 Veni
341 4116 377 4178 et
389 4111 550 4200 quiescas
561 4112 597 4179 in
608 4111 691 4180 nido
703 4134 792 4180 meo.
806 4111 879 4192 Qua
891 4110 1072 4201 adquieuit
1083 4116 1117 4179 et
1131 4110 1168 4177 in
1181 4107 1304 4177 nidum

105 4222 226 4314 Vpupa
242 4223 438 4309 descendit;
456 4225 517 4295 sed
536 4227 857 4295 stercoraletencia
879 4227 1029 4309 inuenit,
1052 4222 1212 4317 quodibi
1232 4245 1305 4292 mo-

156 4388 194 4458 (4)
211 4388 243 4442 r.
261 4388 306 4454 44,
323 4388 376 4444 as.
397 4391 442 4456 44,
461 4388 493 4443 v.
510 4393 555 4456 44,
575 4389 607 4444 a.
624 4391 658 4443 44
677 4393 707 4444 et
722 4391 766 4454 co,
783 4388 841 4442 4444.
862 4389 906 4454 44,
926 4388 982 4441 uc.
1002 4388 1046 4454 44,
1065 4387 1127 4441 un.
1144 4389 1189 4452 44,
1206 4387 1261 4441 444.
1277 4385 1306 4454 4,

111 4475 159 4529 la.
177 4479 221 4544 444,
237 4477 270 4530 44.
285 4479 329 4544 cr,
346 4477 402 4532 44).
420 4479 464 4545 ac,
481 4478 538 4532 444.
552 4477 598 4545 44,
612 4478 666 4533 nc.
678 4479 724 4545 44,
737 4479 793 4533 aa
810 4480 836 4544 4,
851 4477 905 4531 cl.
921 4476 967 4541 44,
984 4475 1036 4530 ca.
1058 4477 1104 4544 43,
1117 4475 1174 4530 444.
1191 4477 1234 4528 rr.

160 4565 192 4632 <a
211 4566 243 4618 v.
260 4567 306 4632 44,
322 4565 355 4620 a.
372 4568 417 4634 aa,
432 4566 489 4621 4444.
505 4569 549 4630 44,
562 4567 621 4621 un.
638 4569 682 4633 44,
697 4567 750 4621 aa.
768 4568 813 4633 44,
831 4566 885 4632 ci,
899 4566 942 4619 44.
