3270 5626
214 501 259 552 ³³4
445 492 595 544 ononis
622 492 672 543 DE
698 493 909 544 cnnlronn
932 492 1184 544 PennssoLAE.

215 643 426 712 deficiemus.
454 637 601 730 Expedit
624 637 884 727 aliquantulum
911 637 1072 706 relaxari.
1097 638 1171 706 flac
1191 640 1407 729 responsione

215 763 362 828 uenator
377 760 596 845 contemptus
618 753 666 844 (1)
688 753 840 821 recessit.
862 751 962 820 Vnde
977 774 1125 821 uersus:
1210 796 1213 802 ·

376 911 548 987 Interpone
564 907 629 968 tuis
642 905 809 968 interdum
824 906 940 986 gaudie
953 905 1053 968 curis.

411 1112 554 1169 cnxxv.
583 1111 693 1166 -nn
720 1110 907 1166 sennnnn
935 1110 1222 1167 nvinennrsrn

653 1209 700 1263 nr
728 1208 907 1264 rnnnrcn
932 1207 980 1281 (e).

284 1371 418 1440 Dicitur
437 1367 529 1459 quod
546 1367 718 1436 lohannes
733 1367 950 1457 euangelista
964 1368 1072 1436 semel
1087 1366 1231 1437 ludebat
1246 1389 1327 1436 cum
1342 1389 1407 1458 per·

217 1490 305 1567 dice,
322 1493 357 1555 et
376 1484 512 1554 cuidam
528 1506 632 1574 super
647 1483 713 1551 hoe
732 1481 929 1552 admirandi
945 1483 993 1575 (3)
1010 1482 1212 1575 respondit:
1231 1483 1407 1552 Delectesti

217 1625 285 1683 me,
307 1603 467 1682 Domine,
485 1601 521 1667 in
541 1600 675 1668 iectura
689 1606 751 1667 tue
767 1599 827 1690 (i).

293 1841 452 1898 CLXXVI.
477 1871 513 1881 —
536 1839 586 1895 DE
611 1839 819 1896 nnfilsrno
848 1840 990 1896 Anneio
1018 1839 1264 1897 VERBERATO
1291 1839 1340 1912 (5).

283 2002 325 2070 Et
339 2002 504 2093 magister·
523 2000 634 2068 Adam
650 2000 758 2068 semel
779 2000 816 2066 in
836 1999 990 2091 capitulo
1004 2000 1209 2070 uerberetus
1227 2001 1317 2091 (θεῖ),
1334 2002 1404 2092 quie

217 2118 298 2187 iecit
313 2117 377 2185 hos
392 2139 528 2200 uersus,
546 2114 685 2206 quando
700 2114 738 2182 in
753 2120 828 2182 orto
845 2136 959 2183 rosam
975 2116 1090 2184 tenuit
1106 2137 1113 2184 :

396 2272 479 2330 Dnrn
492 2274 589 2330 teneo
605 2268 730 2340 florem,
747 2267 827 2328 dnm
840 2268 952 2329 sencio
967 2268 1057 2330 ssoris
1074 2268 1223 2341 odorem,

399 2368 547 2428 Preteriti
564 2368 665 2427 moris
677 2367 865 2444 ueterisque
881 2366 1038 2428 recordor
1052 2368 1185 2428 amoris.

218 2536 286 2606 Sed
308 2538 345 2604 in
370 2535 564 2616 refectorio,
587 2534 629 2603 de
645 2534 796 2623 pitancia
815 2532 959 2616 oblitus,
981 2535 1060 2603 ait:

398 2698 463 2759 Sub
477 2697 635 2775 breuitate
648 2696 714 2757 stili
729 2712 809 2756 suus
825 2693 893 2776 (sic)
908 2696 1009 2756 Adam
1023 2691 1158 2757 mundat
1173 2715 1191 2758 a
1204 2697 1276 2760 labe
1289 2697 1333 2778 (6)
1348 2717 1354 2758 :

458 2796 598 2857 Verbera
613 2795 712 2871 patris
728 2794 840 2867 haben
855 2795 989 2855 verbera
1000 2795 1115 2855 matris
1130 2794 1225 2857 hehe.

284 2955 407 3022 Melius
423 2960 475 3019 est
488 2954 582 3019 eninr
599 2951 768 3020 rationem
787 2953 928 3022 reddere
944 2954 984 3021 de
1001 2952 1239 3022 misericordia
1254 2953 1404 3044 quamde

218 3071 367 3138 iusticia.

314 3289 486 3344 chxvn.
516 3319 551 3329 -
580 3290 629 3344 DE
659 3290 851 3345 Fonnrels
880 3292 928 3346 ET
956 3292 1094 3348 EARUM
1125 3294 1230 3347 REGE
1260 3294 1309 3364 (ἶ).

286 3442 371 3508 item
391 3439 640 3529 quidan1,eum
656 3441 828 3530 prelatum
842 3449 1064 3510 mansuetum
1085 3442 1227 3525 hebent,
1242 3451 1404 3530 contemp·

218 3563 319 3638 nunt,
337 3557 427 3623 sicut
448 3555 617 3637 Formiae,
636 3557 764 3646 quibus
779 3558 916 3647 lignum
933 3558 1052 3626 datum
1072 3565 1124 3625 est
1137 3559 1174 3624 in
1195 3581 1315 3648 regem
1333 3580 1340 3624 :
1361 3559 1403 3623 in-

218 3675 400 3743 tinxerunt
417 3677 463 3766 (8)
477 3696 581 3764 super
597 3672 696 3747 illud,
710 3680 743 3739 et
759 3681 876 3762 postea
892 3674 992 3741 datus
1007 3680 1059 3740 est
1073 3695 1217 3762 serpens
1234 3677 1295 3765 qui
1310 3674 1403 3742 deuo·

219 3793 311 3859 reuit
331 3815 402 3860 eas.

272 3961 307 4030 (i)
329 3961 423 4017 Lisez:
440 3967 596 4017 contentus.

273 4051 310 4120 (2)
330 4052 424 4105 Meme
439 4066 567 4105 sermon.

274 4140 310 4209 (3)
330 4139 409 4193 Ainsi
426 4155 500 4209 pour
515 4138 678 4192 admiranti.

273 4227 310 4298 (4)
332 4228 412 4282 Liber
424 4228 606 4298 psalmorum,
620 4227 650 4279 C.
666 4241 719 4287 xci,
737 4241 761 4276 r.
778 4228 802 4278 35.

274 4315 309 4387 (5)
331 4318 423 4370 Mente
439 4333 567 4371 sermon.

272 4406 308 4476 (6)
330 4407 401 4461 Vers
417 4407 495 4460 aussi
513 4405 599 4460 sentis
611 4421 667 4475 que
684 4404 779 4459 denne
793 4403 828 4456 de
840 4418 916 4457 sens.

274 4494 311 4563 (7)
331 4496 423 4549 Mtnre
440 4511 568 4549 sermon.

274 4582 311 4654 (8)
332 4583 411 4638 Ainsi
428 4601 502 4653 pour
517 4587 687 4638 victurorum.
