3270 5626
730 504 918 559 FABULAE.
1379 506 1424 555 tao

224 653 259 712 et
274 646 324 713 sic
337 646 430 714 inter
444 645 531 713 alias
547 647 651 729 Oues,
664 653 700 714 vt
719 649 815 730 Ouis,
828 648 897 731 ibo,
913 655 946 715 et
963 648 1009 715 ita
1024 654 1156 737 potero,
1172 670 1252 715 oum
1264 648 1420 729 voluer0,

223 761 315 829 (lues
331 768 365 828 ot
379 761 498 852 Agnos
512 761 694 831 deuorare.
713 763 756 832 Et
775 765 826 832 sic
842 765 935 832 fecit.

288 877 388 944 'l'ales
413 884 496 945 sunt
518 878 598 945 falsi
623 879 792 970 religiosi,
819 881 879 971 qui
907 878 972 947 sub
996 886 1092 946 veste
1113 881 1220 947 ouina
1244 887 1326 948 sunt
1348 882 1421 970 lupi

222 1011 376 1083 rapaces,
401 999 434 1060 et
459 999 551 1062 certe
568 994 697 1062 melius
717 1003 808 1062 esset
827 994 956 1063 habere
973 995 1131 1062 ricinum
1147 1017 1255 1063 vnum
1277 995 1423 1064 ludeum

220 1107 277 1175 vel
297 1131 473 1200 paganum
489 1132 595 1199 quam
611 1110 717 1177 talem
740 1110 957 1201 religiosum.

219 1376 316 1431 xxlt.
344 1408 381 1416 —
409 1376 515 1447 [ovis
540 1376 663 1445 ALBA,
693 1378 787 1434 otis
819 1378 963 1445 urunt,
993 1379 1142 1434 ASlNlJS
1170 1380 1219 1433 ΕΤ
1247 1380 1421 1451 lllltCl'S.l

664 1559 754 1619 Alta
773 1561 819 1618 de
840 1560 979 1619 eodem.

203 1723 206 1727 ⁷
286 1740 373 1810 Ouis
393 1740 482 1822 alba,
506 1741 591 1809 Ouis
609 1742 722 1833 nigra,
745 1742 873 1810 Hircus
895 1748 929 1810 et
950 1743 1081 1810 Asinus
1104 1743 1361 1812 contendebant
1381 1745 1422 1813 de

221 1858 444 1948 prerogatiua
457 1857 653 1948 religionis.
675 1857 765 1925 Alba
786 1857 876 1926 dixit
897 1879 904 1926 :
932 1857 1066 1927 Albedo
1088 1882 1166 1927 moa
1185 1860 1302 1950 signat
1323 1860 1422 1928 inno

220 1973 377 2041 cenciam
397 1978 431 2040 et
451 1974 686 2055 sanctitatem,
709 1980 744 2041 et
770 1972 847 2040 ideo
869 1974 1033 2064 precello.
1050 1974 1159 2066 Nigra
1179 1974 1268 2043 dixit
1290 1975 1422 2064 :Nigra

219 2111 297 2156 sum
315 2087 481 2166 exterius,
499 2087 558 2155 sod
582 2089 731 2156 interius
752 2088 918 2157 formosa.
936 2090 1067 2157 Asinus
1091 2088 1181 2157 dixit
1200 2111 1208 2157 :
1227 2090 1337 2156 lmmo
1358 2112 1421 2179 ego

220 2206 375 2273 sanctior
400 2227 492 2287 sum,
510 2205 593 2295 quia
609 2226 748 2272 omrem
772 2205 809 2271 in
832 2204 989 2272 humeris
1010 2210 1108 2295 porto
1124 2212 1158 2271 et
1173 2205 1293 2272 imitor
1311 2206 1422 2273 cruci·

219 2319 341 2388 lixum.
364 2320 490 2388 Hircus
506 2342 588 2388 vero
609 2319 697 2386 dixit
721 2340 729 2386 ε
755 2319 826 2409 Ego
851 2320 1004 2387 sanctior
1024 2342 1102 2387 sum
1122 2319 1286 2388 omnibus
1308 2319 1419 2403 vobis

218 2436 303 2526 quia
327 2442 406 2503 rtor
424 2435 551 2517 cilicio,
576 2434 719 2502 barbam
754 2434 864 2503 habeo
885 2435 1069 2525 prolixam,
1091 2458 1135 2502 ne
1157 2434 1304 2524 pulcher
1319 2457 1421 2525 appa-

218 2574 315 2620 ream
331 2552 367 2618 in
383 2550 527 2620 mundo.

284 2667 352 2735 Per
366 2665 609 2735 hecanimalia
623 2688 727 2733 omne
744 2688 855 2757 genus
872 2665 1089 2758 regularium
1106 2673 1217 2757 potest
1228 2666 1417 2757 designari.

215 2782 282 2851 Sed
296 2806 338 2850 ve
354 2782 466 2873 signis
485 2782 562 2849 sine
578 2783 735 2872 signato!

338 2955 493 3015 Sanctum
508 2951 600 3013 nulla
614 2953 691 3013 tacit
703 2953 807 3031 nigra,
825 2952 1031 3033 candida(ue)
1046 2953 1147 3014 restis
1162 2953 1272 3027 onina,

336 3054 399 3113 Nec
415 3069 615 3130 quemquam
632 3051 757 3112 iustum
773 3051 850 3113 tacit
868 3069 1023 3129 umquam
1039 3068 1118 3112 crux
1132 3051 1269 3112 asinina.

338 3150 370 3209 Si
386 3165 485 3225 quem
500 3149 670 3209 barbatum
686 3149 783 3209 faeiat
798 3166 858 3210 sua
872 3149 974 3210 barba
989 3150 1131 3224 beatum,

337 3248 373 3307 ln
388 3246 502 3307 mundi
519 3245 605 3307 circo
620 3264 686 3306 non
705 3251 793 3307 esset
808 3247 951 3307 sanctior
964 3246 1067 3307 hirco.

536 3495 651 3551 xxru.
682 3525 717 3534 -
747 3495 839 3565 [uus
868 3495 915 3549 ur
941 3495 1094 3565 carus}

660 3676 814 3735 Altada
836 3677 976 3736 eodem.

280 3861 359 3928 Mus
375 3859 549 3928 ceciditin
565 3861 656 3928 foces
668 3861 817 3929 seruisie
833 3859 921 3951 (sic),
935 3861 983 3928 ita
996 3860 1089 3951 quod
1101 3862 1196 3929 exire
1207 3883 1278 3928 non
1291 3862 1415 3951 potuit.

215 3977 322 4045 Catus
337 3999 421 4044 vero
436 3975 612 4044 transiens
632 3975 769 4043 audiuit
789 3998 866 4043 eam
890 3976 1083 4066 pipantem,
1101 3983 1136 4043 et
1149 3975 1236 4044 dixit
1251 3978 1282 4044 ei
1301 3998 1309 4044 :
1327 3975 1419 4058 Quid

214 4092 370 4160 clamas?
386 4092 578 4182 Respondit
597 4091 674 4159 llus
697 4112 704 4157 :
728 4092 793 4159 llic
818 4091 928 4160 cecidi
949 4098 984 4159 et
1002 4092 1097 4159 exire
1117 4114 1189 4159 non
1204 4113 1358 4181 possum.
1376 4092 1419 4160 Et

213 4208 346 4277 Catus:
369 4206 460 4288 Quid
484 4206 583 4276 dabis
606 4206 708 4289 mihi,
736 4231 766 4274 sr
788 4213 821 4274 te
846 4211 1054 4276 extraxerot
1074 4207 1249 4275 Veniesne
1275 4206 1318 4275 ad
1346 4229 1415 4289 me,

215 4346 296 4391 cum
318 4331 352 4392 te
374 4327 568 4392 uocauero‘t
587 4323 650 4391 Cui
671 4322 748 4390 lllus
767 4345 774 4390 :
799 4323 965 4390 Firmiter
984 4323 1161 4413 promitto.
1179 4322 1283 4390 Catus
1299 4324 1417 4414 itaque

213 4461 293 4507 eam
307 4438 461 4507 extrahit
475 4445 509 4507 ot
522 4438 618 4506 abire
633 4439 805 4528 permisit.
819 4438 938 4506 Altera
950 4437 1018 4521 die,
1029 4437 1134 4506 Catus
1148 4439 1309 4506 esuriens
1320 4439 1418 4507 venit

215 4553 259 4622 ad
274 4556 433 4622 foramen
449 4554 570 4637 Muris,
584 4577 713 4622 vocans
727 4577 804 4622 eam
823 4560 860 4623 vt
874 4553 917 4622 ad
937 4576 973 4622 se
989 4554 1141 4636 veniret3
1159 4559 1194 4622 et
1208 4553 1387 4644 respondit
1404 4575 1413 4623 ε
