3270 5626
360 488 406 537 262
566 486 735 539 NlCOLAl
762 489 894 540 BOZON
920 488 1121 540 EXEMPLA
1145 486 1340 545 QUAEDAM.

360 630 458 697 Leo:
481 630 546 696 Vix
567 629 642 719 (fol.
671 632 761 718 122⁸)
784 632 909 700 evades
933 634 1021 723 quin
1044 639 1079 700 te
1102 629 1276 700 occidam!
1298 630 1363 700 Cui
1383 630 1446 698 ille
1469 651 1477 698 :
1500 629 1560 698 Bo

360 747 469 828 mine,
492 745 556 814 hoe
577 768 647 813 non
673 754 764 814 esset
782 746 925 817 difficile
946 748 1108 839 potestati
1128 753 1201 815 tue.
1222 746 1286 815 Cui
1311 746 1382 814 Leo
1404 746 1561 814 :Verum

359 859 458 943 dicis,
481 859 540 928 sed
567 862 842 930 misericorditer
871 886 972 954 agam
999 872 1128 932 tecum.
1155 862 1250 930 Vade
1274 862 1370 931 viam
1396 868 1495 929 tuam
1525 862 1559 928 in

359 998 454 1066 pace.
473 976 632 1045 Crastina
651 976 707 1045 die
730 977 857 1046 accidit
877 978 970 1069 quod
988 979 1067 1060 Leo,
1089 979 1127 1046 in
1141 977 1294 1069 quadam
1316 978 1423 1059 fossa,
1441 983 1560 1067 captus

359 1099 433 1160 erat
452 1093 490 1159 in
505 1091 638 1160 retibus
655 1101 876 1162 venatorum.
888 1095 985 1162 Tunc
1003 1093 1150 1163 veniens
1164 1092 1241 1161 Mus
1252 1093 1391 1162 invenit
1407 1093 1559 1161 Leonem

358 1207 633 1276 lamentabiliter
661 1209 859 1299 plorantem
881 1217 916 1279 et
942 1208 1134 1278 dolentem.
1161 1209 1224 1278 Cui
1252 1207 1329 1277 Mus
1355 1209 1407 1277 ait
1437 1228 1446 1277 t
1472 1206 1559 1288 Quia

358 1321 633 1393 misericorditer
661 1325 764 1415 egisti
797 1347 949 1409 mecum,
991 1323 1094 1394 modo
1123 1326 1216 1393 vices
1249 1323 1455 1414 rependam.
1491 1323 1559 1415 Ego

358 1438 514 1508 liberabo
543 1447 589 1522 te,
624 1441 763 1509 salvans
796 1443 905 1510 vitam
929 1448 1044 1510 tuam.
1077 1441 1120 1509 Et
1145 1462 1362 1531 congregans
1398 1445 1560 1530 parentes

357 1576 451 1635 suos,
479 1555 710 1624 corroderunt
736 1556 891 1639 cordam,
921 1580 1002 1626 cum
1032 1578 1101 1647 qua
1128 1556 1256 1647 ligatus
1286 1556 1405 1624 fuerat
1424 1555 1507 1637 Leo,
1528 1561 1561 1623 et

358 1669 546 1738 liberatum
566 1670 663 1738 abire
683 1673 856 1740 fecerunt.

426 1783 546 1854 lta'est
566 1785 608 1854 de
628 1788 864 1878 magnatibus,
887 1789 1031 1879 prelatis
1051 1795 1087 1856 et
1106 1786 1246 1856 ballivis
1270 1787 1332 1878 qui
1352 1793 1559 1877 potestatem

359 1909 523 1971 exercent
549 1902 585 1969 in
611 1905 727 1970 terris.
757 1904 793 1971 Si
821 1904 1100 1972 misericorditer
1121 1908 1227 1995 agant
1249 1923 1331 1971 cum
1355 1901 1508 1972 subditis
1527 1910 1559 1971 et

358 2017 583 2109 pauperibus,
606 2017 796 2087 dummodo
819 2020 924 2089 durat
947 2041 1071 2088 eorum
1095 2025 1259 2109 potestas,
1281 2025 1387 2087 erunt
1411 2040 1475 2109 per
1497 2019 1559 2087 boc

359 2135 497 2203 liberati
522 2135 677 2219 amalis,
700 2157 780 2203 cum
801 2135 1043 2227 indiguerunt,
1062 2133 1163 2225 juxta
1185 2133 1334 2203 verbum
1353 2133 1557 2217 Salvatoris,

358 2250 481 2334 Mam,
497 2251 601 2340 [C.]v,
625 2252 671 2339 [v.
695 2253 726 2340 l]
746 2273 753 2321 :
771 2252 867 2320 Beati
883 2250 1146 2333 misericordes,
1164 2250 1333 2341 quoniam
1345 2250 1428 2341 ipsi,
1449 2255 1516 2319 etc.

580 2528 648 2584 x11.
673 2560 709 2568 —
732 2529 871 2601 [BOVES
895 2529 942 2583 ΕΤ
965 2529 1105 2584 EORUM
1129 2527 1335 2599 oculitus]

427 2705 514 2796 (Fol.
538 2706 770 2794 ilbi-iste
791 2712 844 2774 est
862 2706 987 2774 modus
1006 2689 1182 2774 malorum
1204 2707 1511 2798 servorum,quia‚
1529 2707 1557 2773 si

359 2823 503 2912 [servus]
524 2843 596 2889 non
616 2823 721 2889 faciat
739 2820 831 2912 quod
851 2820 996 2889 deberet
1015 2828 1050 2889 et
1070 2821 1275 2911 inculpetur
1288 2828 1433 2911 propter
1452 2821 1520 2890 boc
1540 2845 1558 2888 a

359 2939 526 3029 magistro
542 2960 617 3019 suo,
640 2939 757 3006 statim
778 2945 916 3005 accusat
935 2938 1144 3028 magistrum
1167 2959 1283 3019 suum,
1299 2936 1422 3005 dicens
1442 2939 1557 3027 ipsum

361 3077 434 3121 esse
456 3054 634 3121 crudelem
656 3062 689 3121 et
710 3052 852 3135 durum,
871 3054 961 3121 sicut
984 3054 1070 3121 olim
1090 3054 1236 3143 contigit
1251 3052 1293 3120 de
1315 3052 1431 3121 Bobus
1453 3060 1489 3120 et
1509 3077 1562 3120 eo

362 3191 440 3236 rum
454 3171 601 3236 Domino
612 3171 671 3259 qui
685 3170 766 3236 feeit
781 3170 889 3237 Boves
903 3159 1041 3236 trabere
1058 3169 1181 3236 limum
1192 3167 1233 3235 de
1251 3167 1394 3237 boveria
1411 3168 1559 3259 (anglice

358 3286 413 3371 fro
443 3285 497 3352 the
525 3285 683 3374 cloppe),
706 3285 799 3374 quod
824 3287 947 3353 limum
971 3286 1125 3375 graviter
1150 3285 1317 3368 serentes
1342 3283 1454 3352 Boves
1480 3307 1561 3352 con-

363 3401 476 3490 questi
497 3407 577 3467 sunt
599 3399 639 3467 de
663 3402 821 3482 Domino,
835 3400 989 3468 dicentes
1005 3398 1097 3490 quod
1114 3400 1205 3467 male
1222 3423 1280 3467 eos
1295 3405 1476 3479 tractaret,
1494 3422 1561 3467 non

362 3516 586 3585 considerans
602 3516 758 3583 laborem
775 3540 897 3584 eorum
917 3516 1126 3583 continuum
1142 3516 1234 3583 circa
1249 3516 1384 3582 victum
1401 3515 1513 3590 illius,
1531 3523 1562 3582 et

362 3631 502 3701 tandem
525 3640 642 3700 tamen
664 3633 769 3699 istum
791 3631 946 3699 laborem
972 3630 1074 3699 nobis
1097 3629 1310 3722 superaddit.
1329 3630 1469 3712 Quibus
1496 3656 1563 3700 res·

363 3748 484 3839 pendit
501 3750 681 3824 Dominus,
704 3748 824 3815 dicens
842 3770 849 3815 :
872 3748 998 3828 Amici,
1014 3771 1076 3837 per
1097 3769 1182 3838 quos
1203 3748 1270 3814 suit
1284 3745 1412 3815 domus
1428 3748 1561 3839 repleta

364 3866 466 3933 limo?
490 3864 756 3954 Responderunt
779 3886 786 3931 :
806 3865 871 3931 l’er
896 3886 977 3944 nos;
1005 3887 1076 3930 non
1097 3886 1283 3953 possumus
1305 3863 1560 3935 contradicere.

307 3965 312 3975 ’
364 3981 498 4061 Quibus
519 3981 689 4048 Dominus
708 3981 871 4048 :lustum
894 3986 945 4046 est
965 4002 1047 4071 ergo
1068 3985 1107 4047 ut
1127 4002 1188 4069 per
1209 4002 1269 4047 vos
1289 3980 1510 4063 extrahatur,
1533 3988 1565 4048 et

363 4096 488 4165 domus
508 4097 710 4164 mundetur.

430 4218 543 4294 Quare
558 4213 678 4280 nullus
690 4210 946 4280 verecundetur
961 4212 1105 4294 servire,
1114 4210 1216 4302 juxta
1226 4212 1448 4279 sentenciam
1460 4215 1566 4303 Apos-

364 4330 425 4396 toli
443 4331 490 4417 (l)
506 4351 512 4396 :
526 4328 654 4396 Servus
669 4333 728 4395 es?
743 4329 819 4395 Non
833 4329 878 4394 sit
893 4328 954 4394 tibi
970 4351 1065 4408 cure,
1083 4327 1141 4394 sed
1159 4334 1192 4394 et
1207 4328 1234 4393 si
1253 4325 1343 4394 liber
1357 4334 1459 4415 potes
1476 4329 1562 4402 lieri.

418 4591 454 4660 (l)
471 4591 594 4660 Epistola
611 4591 691 4644 Pauli
703 4590 740 4644 od
755 4589 922 4654 Corinthios,
941 4589 962 4652 l,
979 4590 1009 4643 C.
1027 4604 1073 4653 vu,
1087 4604 1112 4642 v.
1129 4591 1174 4642 m.
