3270 5626
449 483 600 536 000le
628 483 680 534 DE
706 482 917 534 CERlTONA
943 483 1191 538 PARABOLAE.
1372 494 1417 543 303

215 649 375 710 nemora,
391 649 568 717 nusquam
590 627 727 695 inuenit
747 625 907 695 arborem
927 627 963 694 in
983 651 1052 718 qua
1071 631 1237 720 suspendi
1253 633 1415 722 placeret,

218 748 253 810 et
268 744 318 810 sic
332 741 503 810 liberatus
518 748 582 810 cst.

282 858 339 926 Sic
354 857 513 925 diabolus
529 880 601 925 non
616 863 730 947 potest
750 864 783 926 te
804 859 1018 942 interlicere;
1041 859 1100 927 sed
1122 866 1260 930 tantum
1279 865 1417 956 lignum

215 974 380 1055 uetitum,
404 973 538 1042 scilicet
561 973 719 1063 pulcram
745 973 943 1057 mulierem,
971 973 1039 1042 sibi
1067 976 1115 1065 (l)
1136 978 1302 1062 ostendit,
1326 989 1417 1051 utto

217 1088 412 1179 suspendas
426 1094 462 1158 et
475 1089 641 1157 intereas.

314 1303 417 1358 xctx.
445 1332 483 1342 -
509 1302 559 1356 DE
587 1300 720 1356 VULPE
744 1299 790 1355 SE
818 1300 1018 1359 uuaruall
1046 1303 1252 1361 FlNGENTE
1272 1306 1321 1378 (2).

286 1452 453 1522 Diabolus
477 1458 530 1522 est
549 1450 677 1519 similis
696 1451 809 1541 uulpi,
831 1473 899 1542 que
919 1452 1020 1520 linxit
1038 1477 1074 1521 se
1094 1462 1273 1525 mortuum
1294 1458 1368 1550 (sic)
1385 1467 1419 1529 et

216 1570 299 1639 eicit
311 1570 483 1660 linguam.
494 1566 715 1636 Descendens
732 1566 777 1656 (3)
793 1567 882 1652 auia,
900 1567 1046 1637 credens
1061 1592 1184 1661 capere
1200 1573 1370 1664 linguam,
1384 1582 1418 1644 et

217 1686 356 1776 capitur
370 1706 391 1751 a
405 1683 524 1774 uulpe.

282 1800 340 1869 Sic
355 1799 527 1883 diabolus,
545 1800 646 1889 quasi
659 1799 796 1890 lingens
816 1822 853 1869 se
872 1806 1065 1885 mortuum,
1083 1803 1166 1893 quia
1186 1803 1326 1875 fraudes
1342 1808 1417 1875 eius

214 1940 288 1985 non
308 1914 514 1998 uiderimus,
537 1915 695 2006 pulcram
714 1915 913 2000 mulierem,
935 1916 993 1984 uel
1012 1916 1109 1985 aliud
1130 1919 1296 1989 illicitum
1313 1922 1417 1992 nobis

214 2030 441 2122 (hlostendit3
462 2053 569 2122 quam
584 2031 645 2122 qui
661 2030 784 2098 illicite
804 2032 897 2121 capit
912 2039 947 2099 et
961 2053 981 2099 a
995 2031 1134 2102 diabolo
1158 2035 1303 2126 capitur.

401 2226 432 2283 c.
461 2259 498 2268 -
525 2227 577 2283 ns
603 2226 773 2293 ournru
800 2227 983 2284 numana
1013 2229 1229 2286 rrlcrucau

655 2324 901 2380 consonare
929 2324 978 2398 (t).

281 2475 450 2545 Attendat
463 2475 645 2544 usurarius
661 2473 753 2566 quod
769 2474 929 2544 diabolus
945 2476 1095 2546 intrauit
1109 2479 1146 2546 in
1161 2500 1286 2569 corpus
1302 2482 1418 2550 cuius-

215 2592 296 2662 dam
317 2591 477 2661 mulieris
496 2614 577 2660 cum
596 2591 743 2674 lactuca,
766 2613 846 2681 que,
864 2597 1053 2682 antequam
1075 2593 1283 2677 comederet,
1306 2597 1417 2688 ipsam

218 2710 401 2801 signaculo
421 2707 535 2776 crucis
548 2728 621 2775 non
635 2706 800 2797 signauit.

300 2906 349 2961 Cl.
379 2934 414 2944 -
441 2903 492 2958 DE
520 2902 697 2958 CORNICE
726 2902 892 2958 auteurs
920 2903 1070 2960 PLUlllS
1099 2905 1262 2962 ΟΗΝΑΤΑ
1283 2908 1332 2980 (5).

282 3055 369 3124 Cum
391 3054 528 3145 questio
547 3053 647 3121 tieret
665 3052 759 3121 inter
777 3052 933 3121 auiculas
953 3075 1022 3144 que
1042 3061 1135 3123 esset
1155 3056 1320 3147 pulcrior,
1341 3080 1415 3127 cor-

216 3173 290 3253 nix,
300 3169 483 3239 artificiale
497 3169 603 3238 decus
618 3167 842 3251 assumendo,
857 3166 899 3236 de
915 3169 1072 3260 qualibet
1086 3193 1151 3239 aue
1166 3172 1324 3262 plumam
1338 3196 1418 3243 mu·

215 3293 311 3356 tuate
323 3293 388 3355 est.
406 3284 480 3366 Quo
495 3283 710 3354 cumalienis
725 3284 924 3376 plu(m)mis
934 3284 1102 3355 adornata
1117 3288 1327 3377 superbiret,
1341 3313 1417 3381 pre-

213 3404 306 3494 cepit
320 3425 381 3471 rex
399 3401 521 3470 auium
534 3406 574 3469 ut
592 3399 748 3490 quelibet
758 3401 835 3468 auis
855 3400 1013 3490 plumam
1028 3424 1129 3471 suam
1146 3404 1326 3495 reciperet.
1339 3405 1416 3488 Quo

213 3520 316 3601 facto,
334 3519 457 3586 cornix
471 3517 664 3608 nigerrima
676 3522 710 3584 et
729 3515 825 3584 nuda
840 3517 1025 3585 remansit.

280 3634 454 3703 Similiter
471 3638 524 3701 est
542 3631 584 3700 de
609 3630 679 3699 hiis
705 3632 766 3722 qui
791 3631 950 3700 uestibus
970 3633 1191 3722 superbiunt,
1223 3657 1333 3726 quum
1362 3660 1416 3705 re-

216 3751 270 3840 su(
311 3750 401 3840 )mat
418 3748 497 3816 ouis
516 3748 633 3816 lanam
648 3769 760 3832 suam,
784 3745 846 3815 bos
868 3748 926 3816 uel
942 3770 1046 3839 capra
1065 3771 1174 3817 cornu
1190 3772 1307 3833 suum,
1324 3757 1417 3820 terra'

219 3865 347 3948 linum;
369 3871 404 3934 et
426 3862 623 3932 remanebit
645 3861 750 3931 homo
770 3860 980 3946 denudatus,
1002 3863 1217 3933 uerecundia
1238 3871 1273 3933 ot
1286 3866 1416 3958 frigore

220 3981 379 4051 afflictus.

269 4141 307 4214 (t)
323 4142 404 4197 Lisez
420 4157 427 4196 :
442 4139 503 4195 titi.

270 4230 308 4301 (2)
323 4232 418 4286 lleme
431 4244 560 4285 sermon.

269 4320 305 4392 (3)
322 4320 401 4376 Lisez
418 4336 425 4374 :
440 4318 596 4375 Descendit.

271 4407 308 4479 (4)
324 4410 418 4464 tteme
433 4423 564 4464 sermon.

271 4497 307 4569 (ὅ)
322 4498 464 4554 Domintcc
480 4499 523 4552 .i·.
538 4502 603 4567 post
616 4494 741 4551 celabam
762 4496 961 4563 Pentectostcs,
976 4495 1126 4552 secandam
1138 4497 1269 4564 aarum.
1285 4499 1368 4556 avo.
1383 4531 1417 4541 —

226 4581 310 4641 ltomo
326 4587 447 4658 quidam
462 4590 528 4641 erat
543 4584 627 4641 diues
641 4589 671 4640 et
684 4583 863 4640 induebatur
878 4600 1020 4656 purpura.
