3270 5626
276 511 384 562 VERS
411 499 529 562 GITES
555 512 639 562 PAR
663 511 797 565 EUDES
824 510 931 561 DANS
958 509 1030 561 SES
1057 509 1228 564 FABLES.
1308 515 1354 564 3⁴5

219 656 293 724 Stat
312 655 404 723 male
425 678 581 738 securuS,
604 657 665 746 qui
685 657 847 748 protinus
867 661 920 723 est
939 654 1108 722 ruiturus

220 870 335 937 Littns
355 892 428 953 aro,
450 869 668 960 lateremque
688 892 785 951 cavo,
808 868 892 937 dum
913 869 1028 937 servio
1048 888 1172 957 prav03

222 986 341 1076 Puppe
361 985 459 1054 canis
478 985 570 1054 latus
589 1009 651 1076 pro
671 1008 820 1054 munere
841 983 955 1053 reddit
973 982 1103 1051 hiatus.

220 1200 255 1267 Si
276 1222 383 1290 quem
404 1198 588 1268 barbatum
607 1200 711 1268 faciat
731 1222 795 1268 sua
813 1198 922 1267 barba
941 1197 1097 1279 beatum,

221 1316 258 1382 ln
279 1314 403 1383 mundi
424 1316 516 1383 circo
535 1338 607 1384 non
627 1322 719 1383 esset
738 1315 893 1382 sanctior
913 1313 1037 1405 byrca.¹

222 1528 307 1597 Bufo
327 1529 448 1597 Trabae
468 1528 557 1596 dixit
578 1551 585 1598 :
607 1528 807 1597 Maledictio
827 1534 878 1597 tot
897 1527 1051 1596 dominis
1072 1527 1133 1594 sit!

220 1742 263 1808 Ut
282 1741 483 1809 Pellicanns
503 1742 541 1809 iit
561 1744 669 1832 patris
689 1743 861 1832 sanguine
882 1764 1001 1823 sanus,

218 1858 274 1925 Sic
293 1880 405 1948 genus
425 1857 622 1927 humanum
642 1859 681 1926 fit
699 1858 828 1926 Christi
848 1858 1021 1948 sanguine
1041 1877 1181 1924 sanum.

217 2072 344 2139 Caseus
365 2072 402 2139 in
423 2034 535 2141 rostro
554 2072 656 2141 Corvi
677 2070 850 2162 pendebat
868 2070 912 2139 ab
932 2070 1016 2138 alto.

217 2284 276 2352 Vae
296 2286 384 2354 mihi
405 2288 580 2354 nascenti!
601 2285 662 2355 Vae
682 2290 780 2354 nato!
803 2285 863 2354 Vae
882 2285 1065 2353 morienti!

218 2399 277 2469 Vae
292 2401 380 2470 mihi
400 2402 492 2492 quod
513 2405 609 2469 sum!
631 2401 709 2470 Vae!
730 2402 807 2469 Non
828 2402 917 2469 vivit
936 2401 1043 2484 filius,
1066 2401 1147 2467 eue!

514 2691 544 2742 2⁰
572 2687 675 2744 VERS
704 2685 983 2754 RYTHMIQUES.

217 2900 395 2968 Pessimus
415 2907 468 2969 est
487 2901 611 2985 hostis,
634 2903 707 2992 qui,
730 2924 811 2970 cum
832 2901 1048 2970 benefeceris
1069 2899 1135 2981 illi,

305 3017 444 3084 Fortius
463 3018 617 3108 insurgit
636 3016 732 3086 bella
752 3016 926 3086 movenda
944 3015 1022 3084 tibi.

216 3230 339 3298 Tutius
359 3237 412 3298 est
430 3236 523 3299 certe
544 3231 680 3300 modico
700 3231 851 3323 gaudere
872 3230 1018 3313 salubri,

305 3346 419 3427 Quam
439 3348 577 3437 magnis
598 3348 689 3415 tristi
710 3346 912 3414 conditione
929 3346 1013 3415 frui.

214 3559 385 3628 Sanctum
404 3560 504 3628 nulla
523 3561 607 3629 facit
625 3562 739 3652 nigra,
760 3560 922 3642 candida,
944 3561 1055 3629 vestis
1073 3561 1189 3641 ovina,

212 3676 281 3743 Nec
301 3699 515 3768 quemquam
532 3677 669 3768 justum
689 3678 772 3745 facit
791 3699 949 3766 unquam
970 3698 1056 3743 crux
1075 3676 1227 3743 asinina.

212 3889 342 3980 Ampia
362 3912 489 3958 corona
508 3892 627 3974 nimis,
650 3892 757 3959 vestis
772 3891 886 3982 nigra,
908 3890 990 3958 bota
1010 3888 1161 3957 rotunda

213 4004 289 4073 Non
309 4006 444 4073 faciunt
465 4006 692 4088 monachum,
714 4004 774 4074 sed
795 4028 936 4074 mensa
956 4004 1105 4073 crimine
1126 4002 1269 4072 munda.

373 4266 401 4318 3ο
430 4264 534 4320 VERS
564 4252 737 4320 LEONINS
767 4264 814 4318 ΕΤ
844 4262 1120 4328 RYTHMIQUES.

214 4466 268 4534 Sic
286 4472 338 4534 est
356 4468 416 4558 qui
438 4466 567 4535 stultns
588 4468 725 4536 scandit
744 4467 948 4557 pernicibus
969 4468 1035 4535 alis
1060 4488 1066 4535 :

283 4582 409 4650 lncidit
425 4605 446 4651 a
465 4583 569 4651 scalis
590 4584 627 4651 in
648 4584 725 4653 loca
744 4585 848 4674 plena
869 4584 985 4652 malis.
