3270 5626
743 497 927 550 FABULAE.

444 720 540 775 xvu.
570 752 606 761 -
635 722 770 792 {tufini
801 722 939 777 REGEM
969 720 1218 790 ullumne]

673 895 762 953 Alia
782 896 828 953 de
850 894 989 953 eodem.

297 1067 548 1136 Conuenerunt
561 1068 670 1158 Ligna
685 1074 721 1136 vt
733 1068 903 1159 eligerent
916 1090 1022 1157 super
1036 1090 1072 1134 se
1087 1065 1436 1156 negemetdixerunt

231 1183 333 1250 Oliue
351 1205 359 1252 :
378 1182 514 1272 Impera
534 1183 647 1251 nobis,
666 1183 740 1264 Que
759 1183 939 1272 respondit
959 1203 967 1250 ε
984 1181 1061 1249 Non
1077 1204 1220 1271 possum
1234 1181 1432 1272 relinquere

230 1298 483 1388 pinguedinem
494 1321 622 1381 meam,
635 1305 672 1366 vt
683 1300 775 1366 inter
789 1300 899 1390 ligne
911 1320 1130 1388 promouent.
1142 1297 1313 1364 Dixerunt
1326 1297 1434 1387 igitur

231 1414 341 1504 ligna
369 1413 411 1481 ad
446 1413 676 1482 Ficulnesm:
709 1413 845 1504 Impera
871 1411 983 1481 nobis.
1015 1413 1089 1494 Que
1118 1412 1326 1502 respondit:
1355 1411 1431 1479 Non

230 1551 375 1619 possum
386 1530 587 1621 relinquere
603 1529 826 1598 dulcedinem
842 1529 969 1612 meum',
979 1535 1247 1618 utpromoueur.
1259 1529 1431 1596 Dixerunt

229 1645 271 1712 ad
287 1644 404 1713 Vitem
424 1667 431 1712 :
450 1645 532 1714 Esto
548 1669 608 1713 rex
623 1652 753 1714 noster.
771 1645 846 1726 Que
861 1644 1039 1734 respondit
1056 1665 1064 1712 ι
1081 1644 1158 1712 Non
1178 1666 1320 1733 possum
1336 1643 1432 1711 dese.-

229 1783 304 1828 rere
320 1761 445 1829 vinum
461 1783 593 1843 meum,
608 1761 700 1852 quod
717 1762 860 1830 letilieet
878 1761 986 1829 [teum
1003 1767 1037 1828 el
1053 1760 1227 1840 homines,
1242 1765 1281 1828 ut
1296 1761 1427 1849 presim

229 1875 342 1943 vobis.
358 1877 529 1944 Dixerunt
544 1876 696 1967 denique
713 1875 755 1945 ud
770 1877 967 1966 Rampnum
985 1897 993 1945 ε
1012 1876 1102 1943 Veni
1118 1881 1152 1943 et
1167 1877 1302 1965 impera
1315 1874 1428 1943 nobis.

231 1992 419 2081 Respondit
445 1993 627 2083 Rampnns
650 2015 657 2061 :
682 1993 717 2060 Si
743 2015 824 2060 vero
844 2015 900 2059 me
920 2014 1037 2083 regem
1057 1992 1299 2074 constituistis,
1314 1991 1430 2059 venite

229 2114 261 2174 et
283 2107 350 2176 sub
372 2106 496 2175 umbra
518 2130 596 2177 mea
615 2109 835 2199 requiescite.
858 2107 894 2175 Si
915 2130 998 2176 vero
1018 2107 1214 2187 nolueritis,
1232 2105 1433 2197 egrediatur

230 2222 321 2312 ignis
344 2221 386 2291 de
401 2223 561 2313 Rampno
582 2229 616 2291 et
637 2223 781 2291 deuoret
798 2222 924 2291 Cedros
941 2221 1076 2290 Libani.
1096 2223 1183 2290 Eece
1199 2222 1350 2313 Lignum
1367 2221 1432 2288 mi·

228 2360 294 2405 nus
306 2337 868 2429 validumregnareconcessit,et,
880 2339 948 2405 nisi
959 2339 1350 2430 regnet‚eomminatur.
1362 2337 1431 2404 Me-

230 2454 317 2521 liora
338 2477 421 2521 vero
441 2461 475 2522 el
489 2454 661 2523 validiora
681 2476 827 2545 regnare
844 2459 998 2522 renuunt
1017 2459 1051 2521 et
1070 2477 1132 2521 suo
1153 2458 1246 2521 statu
1265 2458 1429 2521 contentu

228 2575 323 2636 sunt.

445 2792 558 2846 lell.
588 2823 624 2832 —-
650 2792 765 2863 [Avus
793 2792 931 2849 REGEM
960 2792 1212 2863 sullienses]

318 2967 371 3023 De
392 2964 556 3024 Prolatts
578 2965 824 3025 eeclesiarum
845 2968 883 3024 et
904 2979 1029 3025 eorum
1052 2965 1173 3026 officio
1194 2964 1330 3024 debito.

291 3139 397 3217 Anus,
423 3146 580 3208 tenentes
602 3162 705 3207 suum
730 3141 892 3231 generale
914 3139 1121 3230 capitulum,
1145 3140 1331 3208 voluerunt
1356 3138 1423 3207 sibi

223 3254 355 3345 eligere
374 3277 504 3346 regem.
521 3255 614 3322 Dixit
630 3256 738 3346 igitur
759 3279 827 3324 vna
845 3256 980 3338 cetenis,
999 3263 1167 3346 tanquam
1187 3255 1267 3324 aliis
1287 3256 1426 3346 sapien·

223 3370 324 3438 cion:
347 3369 526 3461 Eligamus
546 3369 731 3439 Columbas
755 3373 764 3460 l
793 3372 816 3460 )‚
841 3372 924 3461 quia
944 3393 1008 3439 nee
1030 3373 1134 3461 pieat,
1152 3395 1216 3439 nee
1236 3371 1359 3438 laniat.
1383 3371 1423 3438 Et

221 3485 334 3553 electa
356 3491 408 3552 est
433 3493 467 3554 et
493 3486 657 3576 prolecta.
678 3485 959 3554 Conuersabatur
978 3492 1108 3567 tumen,
1131 3486 1212 3552 lieet
1236 3491 1328 3552 esset
1348 3507 1420 3568 rex,
1489 3476 1491 3481 ’

222 3603 315 3668 inter
350 3601 436 3668 alias
470 3603 687 3686 innocenter,
724 3602 865 3670 solitam
899 3602 1159 3693 simplicitatem
1193 3622 1418 3669 conseruans

224 3717 396 3785 Dixenunt
411 3718 519 3808 igitur
532 3719 625 3785 lues
642 3739 649 3785 :
667 3718 738 3785 Rex
759 3725 876 3786 noster
895 3718 986 3785 nihil
1001 3718 1106 3800 valet,
1123 3717 1213 3784 nihil
1230 3717 1323 3800 lacit,
1338 3718 1422 3808 quin

222 3855 294 3901 non
307 3835 468 3923 pereutit,
480 3857 550 3901 non
561 3835 688 3916 laniat;
700 3834 871 3925 eligamus
885 3835 1007 3902 alium.
1022 3833 1185 3924 Dixitque
1198 3856 1267 3900 vna
1279 3854 1419 3902 earum:

222 3952 337 4031 Quam
355 3950 547 4040 eligemus?
562 3951 604 4017 Et
619 3972 825 4040 responsum
841 3956 893 4018 est
910 3949 1108 4041 :Eligamus
1128 3947 1230 4016 nobis
1248 3949 1419 4031 Miluum;

222 4067 297 4156 ipse
318 4066 422 4156 pient,
440 4067 514 4156 ipse
531 4067 692 4154 pereutit,
712 4068 785 4156 ipse
801 4066 921 4134 laniat.
936 4065 1067 4134 Miluus
1087 4066 1196 4156 igitur
1211 4087 1271 4132 rex
1292 4065 1422 4132 consti·

195 4188 319 4249 ‘tutus
334 4182 448 4270 prime
469 4181 525 4249 die
541 4180 724 4250 deuorauit
744 4205 853 4249 vnum
868 4181 1016 4271 pullum,
1038 4180 1191 4250 seeundo
1213 4179 1419 4263 secundum,

222 4298 331 4366 tercio
354 4298 515 4366 tercium.

289 4413 370 4481 Ideo
386 4415 623 4481 necessarium
640 4421 691 4481 est
712 4421 747 4482 vt
768 4415 922 4504 prelatus
934 4414 1021 4482 sciat
1034 4437 1186 4503 pascere,
1204 4414 1291 4481 sciat
1305 4413 1421 4504 piceno

274 4583 312 4655 (l)
334 4583 413 4638 Lisez
430 4599 437 4637 :
453 4583 621 4639 columbam.
