3270 5626
725 490 913 544 FABULAE.
1375 496 1421 544 445

282 637 339 704 Sic
355 641 408 703 est
421 634 464 703 de
484 633 671 717 diuitibus,
688 635 749 725 qui
765 633 853 702 duos
867 634 960 702 letus
975 635 1150 716 nutriunt,
1167 635 1313 705 diuicias
1329 638 1421 706 scili·

215 760 271 822 cet
298 759 333 820 ct
361 757 514 841 peccata,
538 756 703 841 vtrosque
725 750 878 817 multum
902 750 1104 841 diligentes,
1128 750 1278 820 diuicias
1301 758 1420 820 tamen

216 868 349 959 magis3
372 872 513 957 peccata
532 871 701 956 tanquam
721 865 831 933 oblita
846 871 923 955 post
942 872 1080 956 tergum
1102 889 1206 934 suum
1230 868 1418 956 proiciunt,

214 983 365 1052 diuicias
381 982 418 1049 in
433 980 598 1049 manibus
617 981 781 1048 meliores
796 1004 936 1070 semper
950 1004 1011 1072 pre
1031 982 1143 1049 oculis
1156 981 1335 1050 habentos
1353 983 1419 1051 Sed

215 1121 298 1168 oum
309 1099 407 1166 venit
420 1097 544 1164 mortis
555 1097 713 1180 venacio,
726 1095 950 1164 dilecciorern
966 1097 1174 1165 existentem
1187 1098 1225 1166 in
1240 1098 1418 1179 manibus,

216 1213 251 1282 id
267 1213 489 1295 estdiuicias,
502 1211 625 1294 velint,
642 1211 769 1295 nolint,
782 1213 945 1280 reiciunt.
959 1211 1058 1280 luxta
1074 1212 1162 1280 illud
1174 1213 1333 1281 Psalmus
1351 1219 1417 1303 (l):

216 1328 434 1420 Relinquunt
452 1328 577 1395 alienis
597 1326 745 1395 diuicias
765 1350 857 1396 suas.
875 1328 962 1396 Cum
985 1329 1104 1396 minus
1119 1351 1201 1397 vero
1223 1329 1362 1412 dilecto,
1384 1330 1419 1397 id

217 1452 271 1512 est
303 1465 384 1512 cum
405 1444 555 1533 peccatis
579 1465 647 1533 que
675 1441 824 1510 firmiter
855 1443 973 1510 anime
1003 1441 1185 1526 adherent,
1218 1446 1416 1535 capiuntur.

218 1561 319 1628 luxta
337 1558 426 1626 illud
442 1558 682 1650 Apocalypsis,
698 1581 755 1626 x1v
775 1559 822 1649 (2)
842 1579 850 1626 ε
868 1558 980 1648 Opera
995 1559 1090 1626 enim
1107 1560 1250 1627 illorum
1265 1584 1420 1652 sequun-

216 1682 276 1743 tur
291 1674 383 1742 illos

510 1836 598 1893 lxv.
624 1868 661 1876 —
689 1837 776 1908 [LEO
806 1836 853 1890 ΕΤ
881 1836 1127 1908 undennis]

572 1994 624 2050 De
645 1993 754 2051 hosts
776 2005 849 2050 non
870 1994 1062 2051 armando.

286 2148 367 2230 Leo,
379 2145 531 2237 quadam
545 2146 615 2230 die,
633 2148 769 2238 fingens
784 2169 820 2213 se
837 2147 1030 2226 inlirmum,
1043 2146 1204 2215 obuiauit
1218 2147 1419 2216 claudicans

217 2263 400 2344 Vnicorni,
418 2261 620 2331 aduersario
636 2284 699 2330 suo
719 2262 873 2351 capitali,
888 2267 923 2329 et
946 2261 1096 2330 salutato
1111 2283 1151 2329 co
1167 2260 1256 2330 dixit
1272 2283 1280 2331 :
1298 2262 1419 2343 erali-

216 2384 420 2469 tercumque
442 2384 559 2447 actum
584 2377 690 2445 fuerit
714 2379 887 2445 internos
909 2376 1091 2461 hactenuS,
1114 2378 1314 2446 remittatur
1336 2378 1418 2448 hinc

215 2493 310 2577 inde,
325 2492 418 2584 quod
431 2515 495 2584 ego
509 2493 656 2561 vlterius
675 2493 765 2560 nulli
780 2515 907 2561 nocere
926 2500 1059 2582 potero,
1077 2498 1181 2582 prout
1195 2491 1306 2576 vides,
1320 2495 1418 2561 senio

215 2614 251 2676 et
275 2610 383 2677 variis
417 2607 651 2677 incommodis
683 2606 898 2677 debilitatus.
929 2607 996 2676 Sed
1030 2608 1183 2676 multum
1218 2608 1417 2677 allectarem

214 2724 327 2793 semel
342 2724 439 2815 loqui
458 2746 538 2792 cum
553 2725 702 2815 coniuge
718 2746 809 2806 mea,
827 2746 894 2814 que
915 2724 1018 2791 estin
1038 2723 1187 2806 deserto,
1204 2730 1285 2791 ante
1301 2746 1418 2792 meam

215 2847 379 2922 mortem,
396 2845 430 2908 et
445 2846 599 2930 peterem
615 2845 695 2922 ate,
717 2841 747 2906 si
762 2838 879 2907 dicere
893 2839 945 2907 fas
965 2845 1029 2922 est,
1047 2845 1085 2906 vt
1099 2839 1418 2929 ac[0]0m[m]odare

216 2954 306 3024 mihi
330 2955 419 3023 velis
447 2977 557 3023 cornu
583 2962 684 3023 tuum
705 2978 767 3044 pro
788 2954 892 3053 podio
919 2954 1079 3023 habendo
1106 2955 1143 3022 in
1170 2955 1307 3037 itinere,
1335 2956 1419 3046 quia

213 3071 300 3139 satis
320 3070 466 3161 longum
485 3076 520 3138 et
539 3072 627 3139 lorte
640 3076 703 3154 est,
726 3078 761 3137 et
777 3069 841 3138 tibi
856 3071 1033 3138 remittam
1047 3069 1148 3154 illud,
1166 3056 1357 3162 quamcito
1375 3072 1418 3140 ad

215 3188 403 3277 coniugem
424 3206 630 3277 peruenero,
647 3192 682 3253 et
700 3184 743 3252 ad
763 3185 828 3254 hoc
847 3185 912 3253 tibi
931 3185 975 3253 do
995 3185 1100 3254 fidem
1121 3209 1248 3255 meam.
1270 3188 1418 3255 Vnicor-

216 3303 275 3369 nis
289 3324 383 3385 vere,
401 3301 504 3370 dictis
519 3302 595 3369 eius
615 3299 781 3369 omnihus
800 3300 945 3369 credens
963 3307 998 3368 et
1017 3301 1128 3391 ipsius
1148 3302 1294 3371 conficte
1314 3305 1419 3371 mise-

216 3418 267 3485 rie
278 3418 511 3505 compaciens,
523 3416 760 3485 commodauit
774 3439 883 3485 cornu
899 3439 1015 3500 suum,
1031 3423 1066 3485 et
1080 3418 1130 3485 sic
1146 3420 1313 3486 remansit
1331 3421 1420 3486 iner-

216 3534 298 3600 mis.
317 3534 384 3601 Leo
398 3555 480 3600 vero
499 3532 678 3601 modicum
694 3532 921 3622 progrediens
936 3533 1018 3600 lecit
1033 3533 1206 3601 insultum
1222 3535 1259 3601 in
1275 3533 1421 3602 Vnicor-

216 3671 311 3730 nem,
333 3655 379 3731 et,
401 3649 541 3738 proprio
558 3671 667 3716 cornu
687 3648 844 3738 grauiter
861 3648 1065 3730 vulneram,
1086 3648 1219 3717 deuicit
1238 3671 1331 3716 eum.
1356 3650 1418 3718 Cui

217 3764 407 3832 Vnicornis
433 3784 441 3830 ε
463 3763 541 3831 Non
561 3770 632 3831 tam
658 3763 876 3831 crudelitatis
895 3786 1002 3854 quam
1025 3763 1242 3832 infidelitatis
1266 3787 1347 3832 reus
1368 3789 1418 3841 os,

217 3879 280 3970 qui
300 3878 391 3947 mihi
411 3878 546 3947 malum
567 3901 628 3968 pro
649 3878 739 3947 bono
756 3878 954 3964 reddidisti;
977 3879 1037 3948 sed
1058 3886 1092 3948 ct
1113 3880 1217 3948 fidem
1238 3881 1419 3970 prestitam

218 3993 415 4085 perdidisti.
433 3995 495 4063 Cui
516 3995 584 4062 Leo
602 4016 610 4063 :
627 3994 760 4078 Nescis,
782 3995 889 4079 fatue,
912 3997 1081 4084 scriptum
1097 4018 1173 4064 esse
1191 4019 1199 4064 :

697 4139 803 4200 Vitam
819 4140 873 4218 qui
890 4145 1042 4218 prorogat
1055 4139 1142 4201 hosti

378 4238 517 4316 Derogat
530 4237 600 4315 ipse
614 4254 687 4310 sue;
703 4237 738 4298 in
750 4237 835 4299 bello
851 4237 1028 4300 clemencia
1039 4254 1107 4298 non
1121 4241 1173 4298 est

379 4335 535 4396 Hostibus
551 4353 624 4396 esse
639 4335 744 4413 pium.

269 4494 308 4566 (ll
329 4496 423 4565 Voyez
438 4493 465 4550 le
478 4496 603 4550 Psnume
616 4511 709 4562 xavru,
726 4512 752 4550 v.
768 4499 810 4550 ll.

273 4583 311 4656 (ἓ)
328 4583 508 4655 Apocalypsis
521 4585 639 4640 Ioannis
651 4585 780 4656 apostoli,
794 4585 825 4639 C.
840 4600 895 4653 riv,
912 4601 938 4640 v.
954 4587 996 4639 l3.
