3270 5626
554 505 785 558 COLLECTlO
813 505 1015 560 SECUNDA.
1343 507 1389 555 toa

196 649 390 740 aspersione
412 650 570 738 pulueris
590 649 749 718 eiusdem
769 651 911 741 speciei.
927 649 1025 717 Vnde
1047 650 1084 717 in
1105 650 1289 740 prouincia
1307 650 1390 718 Pro·

196 765 320 848 uincie,
340 764 398 833 rbi
415 766 501 834 tales
522 764 741 848 habundant,
763 767 896 835 babent
913 789 1053 856 sempor
1073 768 1109 833 in
1125 766 1294 856 ampullis
1313 767 1392 856 pul-

196 903 316 949 uerum
337 881 476 964 talium,
494 888 531 949 vt
550 904 633 949 eum
656 883 829 972 proiciunt
848 905 954 972 super
972 883 1098 950 lesum.

255 997 402 1064 Mistice.
424 997 481 1065 Sic
496 998 729 1085 spiritualiter
749 998 854 1066 homo
874 999 990 1066 curari
1007 1004 1154 1087 poterat,
1172 999 1201 1065 si
1221 999 1393 1066 memoria

196 1113 364 1203 pulueris,
387 1113 550 1203 inquom
571 1119 782 1196 reuertatur,
804 1114 911 1181 fuerit
929 1114 1133 1205 frequenter
1156 1136 1335 1204 aspersus;
1359 1121 1396 1182 vt

196 1251 277 1320 ergo
307 1229 410 1295 istam
439 1228 649 1297 memoriam
676 1229 804 1297 habeat
830 1229 935 1297 homo
965 1237 1154 1312 recentem,
1177 1230 1281 1298 faciat
1299 1231 1396 1298 iuxta

196 1343 383 1413 consilium
411 1344 571 1434 Apostoli
600 1345 643 1412 ad
672 1345 878 1413 Colocenses
905 1344 992 1436 (sir).
1019 1345 1235 1428 Mortificate,
1266 1347 1394 1436 inquit,

196 1459 352 1528 membra
374 1466 501 1543 vestra,
540 1484 608 1551 quo
640 1466 724 1528 sunt
747 1484 853 1551 super
880 1468 1010 1529 terram
1035 1463 1091 1552 (l).
1114 1461 1273 1530 Membra
1298 1471 1398 1530 vocat

196 1597 299 1665 opera
317 1576 434 1645 carnis
449 1581 485 1643 et
504 1576 661 1645 carnales
681 1576 949 1645 delectaciones.

217 1798 316 1853 XXIV
345 1797 469 1871 (cvll).
491 1830 525 1838 -
551 1800 601 1855 DE
628 1800 789 1856 uuouts
818 1800 1021 1856 <tansitis
1050 1801 1376 1856 udltotuurlub's,

262 1951 390 2019 Narrat
419 1949 650 2041 philosophus
683 1949 724 2018 de
755 1951 893 2020 duobus
926 1952 1088 2043 gemellis
1120 1951 1212 2043 quod
1242 1958 1401 2044 egrotare
1494 1951 1497 1957 ⁴

197 2071 383 2157 cepernut3
401 2067 554 2134 consulti
569 2065 696 2135 medici
707 2065 872 2136 dixerunt
887 2067 1035 2136 eandem
1054 2091 1129 2135 esse
1147 2067 1399 2136 infirmitatem.

199 2180 473 2271 Desperantibus
495 2183 653 2274 reliquis,
675 2183 850 2272 promittit
869 2207 904 2250 se
925 2207 1016 2252 rnus
1031 2182 1073 2251 ad
1094 2183 1245 2251 alterum
1261 2190 1403 2251 sanatu-

201 2321 293 2380 rum,
311 2299 340 2365 si
356 2298 503 2366 alterius
518 2298 641 2366 vitalia
657 2299 878 2389 inspexisset.
897 2300 1119 2367 Permittitur
1137 2322 1157 2366 a
1173 2304 1283 2388 patre,
1305 2321 1404 2367 accu-

199 2422 298 2483 satur
313 2419 458 2481 amatre
469 2413 561 2481 male
572 2414 808 2482 traetaeionis
818 2416 910 2482 Dicit
920 2421 1018 2504 pater
1028 2435 1035 2482 :
1044 2414 1090 2480 Vt
1100 2437 1192 2482 vnus
1205 2420 1401 2496 sanaretur,

200 2530 293 2598 alius
315 2529 469 2597 interiet.
487 2528 679 2620 Respondit
692 2530 823 2599 Mater:
845 2530 889 2597 Vt
909 2553 1004 2599 uuus
1030 2530 1233 2613 sanabatur,
1251 2531 1300 2599 ita
1314 2529 1405 2598 alius

202 2646 321 2715 sanari
337 2646 462 2735 potuit.
480 2645 635 2713 Tandem
651 2646 753 2714 Pater
772 2668 779 2713 :
798 2645 987 2714 Considera
1002 2653 1191 2737 rtrumquc
1207 2647 1404 2736 periturum

200 2769 235 2831 et
254 2758 426 2853 gaudebis
446 2784 555 2829 vnum
577 2784 651 2830 esse
672 2768 861 2830 retentum.

267 2877 415 2945 Miatice.
438 2876 598 2961 Gemelli,
620 2900 747 2968 corpus
767 2884 802 2945 et
820 2880 953 2961 anima,
975 2886 1060 2948 tunc
1073 2884 1245 2968 egrotant,
1267 2876 1406 2970 quaudo

203 3016 347 3084 peccare
372 2993 557 3083 incipiunt,
582 2994 679 3084 quia,
707 2995 798 3061 sicut
821 3000 984 3084 egrotans
1011 2994 1081 3063 duo
1105 2993 1248 3076 amittit,
1272 2993 1407 3062 scilicet

203 3108 451 3178 fortitudinem
470 3115 505 3178 et
523 3109 698 3193 decorem,
714 3110 763 3177 ita
782 3117 942 3200 peccator
959 3109 1202 3178 fortitudinem
1219 3107 1406 3178 resistendi

203 3232 238 3294 et
253 3226 464 3293 meritorum
474 3224 658 3315 operandi3
681 3225 773 3294 hanc
787 3225 1032 3295 fortitudinem
1048 3225 1228 3316 deplangit
1244 3224 1409 3294 Ieremias

204 3341 241 3406 in
256 3338 446 3429 T[h]reuiS,
463 3338 583 3408 dicens
600 3342 647 3432 (2)
667 3364 674 3410 :
691 3340 878 3427 Abierant,
896 3341 1034 3432 iu'quid,
1051 3340 1183 3433 absque
1204 3339 1408 3409 fortitudine

206 3462 286 3523 ante
306 3455 431 3523 faciem
452 3454 712 3548 subsequentis.
743 3458 831 3525 ltem
855 3457 985 3526 amittit
1008 3458 1163 3526 colorem
1187 3463 1222 3525 et
1247 3455 1408 3525 decorem

207 3573 336 3664 gracie.
358 3570 470 3652 Quem
491 3572 597 3640 etiam
617 3571 810 3665 deplangit,
832 3573 953 3643 dicens
973 3575 1019 3665 (3)
1039 3595 1046 3640 :
1070 3574 1217 3665 Egressa
1236 3579 1289 3640 est
1302 3595 1322 3640 a
1337 3572 1411 3641 lilia

205 3688 288 3755 Sion
309 3688 426 3755 omnis
440 3686 545 3756 decor
563 3688 651 3756 cius.
669 3688 794 3758 Medici
815 3696 900 3759 sunt
914 3689 1036 3779 prelati
1054 3689 1203 3757 ecclesie
1220 3695 1255 3755 et
1273 3688 1410 3755 confes-

208 3825 303 3873 sores
331 3804 477 3893 recepti;
507 3809 542 3872 et
566 3804 651 3897 quid
671 3804 794 3873 dicunt
818 3828 942 3874 omnes
971 3805 1060 3896 ipsi?
1088 3805 1224 3873 Reuera
1245 3802 1351 3895 quod,
1381 3802 1409 3870 si

209 3921 328 3988 anima
346 3917 472 3989 debeat
486 3921 699 3990 reuiuiscero
720 3927 755 3988 et
768 3922 1012 3991 fortitudinem
1033 3927 1068 3989 et
1081 3920 1244 3990 decorem
1266 3940 1411 4008 recupe-

209 4057 296 4117 rare,
320 4040 458 4125 oportet
477 4035 569 4126 quod
595 4036 682 4105 alter
704 4037 877 4128 gemellus
907 4036 1097 4107 occidatur.
1125 4037 1226 4104 Pater
1247 4042 1300 4104 est
1323 4035 1411 4103 ratio

210 4153 268 4242 qui
285 4151 363 4240 (sir)
380 4152 570 4233 consentit;
588 4158 701 4219 mater
720 4175 803 4221 vero
817 4153 1027 4221 sensualitas
1043 4176 1109 4243 que
1125 4153 1263 4220 fortiter
1276 4157 1413 4220 coutra-

211 4265 305 4335 dicit.
324 4265 478 4334 Tandem
499 4267 550 4335 sic
570 4276 667 4357 pater
682 4268 862 4337 concludit
878 4290 885 4335 :
904 4267 1092 4336 Considera
1112 4276 1301 4358 atrumque
1320 4266 1413 4355 peri·

262 4436 301 4507 (t)
321 4423 423 4507 Flpltre
438 4434 475 4491 da
491 4436 520 4492 S.
536 4435 608 4492 Paul
623 4453 680 4492 aux
698 4437 878 4504 ColossienS,
894 4439 924 4494 C.
942 4456 982 4505 ur,
998 4455 1026 4494 v.
1042 4441 1072 4493 ὅ,

264 4523 302 4597 (2)
318 4526 414 4594 Voyez
428 4523 460 4579 C.
476 4541 495 4592 1,
512 4541 537 4579 r.
554 4529 580 4581 6.

264 4615 302 4685 [3)
321 4613 414 4685 voyez
428 4614 540 4670 mames
555 4614 644 4686 cbap.
662 4618 691 4671 et
705 4630 733 4670 v.
