3270 5626
380 486 426 536 sao
641 483 794 535 onours
820 482 872 534 nn
899 457 1112 533 onnriona
1136 478 1322 531 reanum

380 627 533 719 fugiunt,
555 627 766 718 quandoque
796 627 833 693 in
857 625 1004 695 cameris
1031 647 1067 693 se
1096 622 1283 693 includunt
1315 629 1350 691 et
1379 643 1453 691 non
1479 646 1582 715 oppo-

381 753 472 812 nunt
491 767 527 813 se
542 765 663 812 muros
683 765 745 833 pro
761 741 865 811 domo
881 741 1033 810 Domini.

461 1016 616 1074 XLVllll’.
646 1049 680 1058 -
708 1020 759 1073 DE
787 1018 953 1073 AllANEll
981 1018 1028 1072 ΕΤ
1055 1017 1190 1073 MUSCA
1217 1017 1265 1072 ET
1293 1016 1500 1072 BURDONE.

461 1202 600 1261 contra
619 1195 781 1278 diastole]
799 1199 1014 1271 affligentes
1029 1210 1217 1271 pauperes
1236 1201 1274 1258 at
1293 1200 1426 1259 catera
1445 1195 1503 1276 (1).

447 1411 596 1494 Aranoa,
618 1409 758 1501 quando
778 1411 878 1477 uenit
895 1408 1015 1478 Musca
1033 1409 1071 1477 in
1092 1407 1198 1477 telam
1219 1429 1331 1490 suam,
1356 1407 1496 1477 fortiter
1510 1409 1583 1477 exit

381 1532 416 1594 et
433 1525 589 1595 Muscam
608 1527 701 1615 capit
720 1532 755 1594 et
777 1525 953 1594 interficit.
976 1525 1120 1606 Quando
1139 1526 1240 1594 uenit
1255 1523 1369 1592 Burdo
1387 1524 1448 1592 uel
1467 1523 1580 1613 Vespa

382 1643 537 1710 sonitum
554 1641 696 1722 iaciens,
714 1642 852 1710 Aranea
869 1642 906 1708 in
925 1641 1081 1709 foramen
1098 1662 1202 1708 suum
1222 1639 1325 1730 fugit.

447 1755 504 1824 Sic
516 1762 568 1823 est
587 1755 629 1823 de
644 1757 816 1847 episcopis
831 1755 1041 1847 quibusdam
1057 1762 1092 1824 et
1106 1756 1249 1846 prelatis
1267 1776 1275 1824 :
1291 1754 1434 1846 quando
1449 1777 1579 1846 pauper

381 1878 413 1939 et
439 1869 597 1940 modicus
617 1872 742 1940 incidit
756 1873 793 1940 in
811 1879 883 1941 reto
905 1873 1148 1962 episcoporum
1168 1894 1230 1963 per
1250 1870 1420 1939 delictum
1442 1871 1502 1940 uel
1517 1871 1577 1939 fal-

381 2009 456 2055 sam
472 1986 742 2070 accusationem,
762 1987 864 2054 illum
876 1987 1051 2078 arripiunt
1065 1986 1227 2056 ardenter
1246 1993 1281 2055 et
1295 1985 1495 2055 comedunt.
1514 1985 1577 2055 Sed

381 2124 462 2170 cum
481 2102 581 2171 uenit
599 2101 698 2170 diues
714 2108 749 2170 ot
770 2103 936 2185 minatur,
953 2111 1037 2171 tunc
1052 2100 1234 2173 abscondit
1252 2125 1289 2171 se
1311 2102 1496 2193 episcopus
1521 2100 1573 2169 uel

381 2219 545 2308 prelatus.
563 2217 662 2287 Vnde
682 2217 781 2302 Osce,
807 2218 868 2307 [6.]
889 2242 960 2302 xrn,
979 2220 1025 2309 [v.
1050 2221 1081 2309 l]
1100 2241 1107 2286 :
1127 2218 1306 2310 Loquente
1328 2217 1473 2286 Effraim
1494 2219 1574 2306 (sic),

381 2333 504 2402 hor'ror
528 2334 658 2403 inuasit
686 2332 808 2417 lsrael;
836 2333 903 2402 hoc
928 2345 991 2418 ost,
1018 2336 1253 2404 comminante
1279 2333 1401 2417 diuite,
1426 2332 1580 2423 horlrlor

381 2450 512 2518 inuasit
527 2451 702 2540 prelatum
717 2450 976 2519 meticulosum.

741 2725 846 2781 xcix.
876 2756 911 2767 -
939 2728 988 2781 nn
1017 2727 1150 2783 vunan
1170 2727 1217 2798 (a).

446 2930 588 3021 Vulpes,
607 2930 747 3020 quando
766 2932 887 3014 esurit,
903 2930 1002 3022 fingit
1017 2954 1052 3000 se
1066 2941 1252 3014 mortuam,
1266 2936 1300 2998 et
1318 2931 1411 2998 iacet
1423 2930 1462 2997 in
1476 2929 1575 3020 plano

381 3052 414 3112 et
429 3046 586 3135 linguam
599 3046 689 3114 eicit.
708 3046 813 3114 Venit
829 3046 962 3115 Coruus
982 3048 1040 3115 uel
1059 3047 1190 3115 Miluus
1210 3045 1352 3114 credens
1370 3045 1515 3136 predam
1531 3046 1579 3111 in·

380 3163 518 3243 uenire,
536 3163 635 3229 uenit
657 3168 696 3228 ut
716 3163 829 3252 capiat
849 3163 1020 3252 linguam,
1043 3169 1077 3230 et
1097 3163 1233 3253 capitur
1248 3185 1267 3229 a
1281 3161 1395 3250 Vulpe
1418 3167 1454 3228 ot
1478 3160 1580 3228 deuo

382 3284 491 3344 ratur.

448 3392 505 3460 Sic
525 3392 688 3461 Diabolus
708 3394 809 3484 fingit
824 3418 860 3461 sc
880 3402 1072 3475 mortuum,
1087 3393 1180 3484 quod
1195 3415 1259 3461 nec
1278 3390 1421 3459 auditur
1440 3415 1507 3460 noc
1529 3392 1578 3458 ui·

380 3506 492 3590 detur,
510 3515 544 3576 et
563 3510 642 3577 eicit
662 3511 820 3599 linguam
838 3533 950 3589 suam,
971 3510 1035 3579 hoc
1056 3517 1108 3581 ost
1127 3531 1229 3577 omne
1250 3506 1415 3576 illicitum
1430 3507 1576 3575 delecta·

380 3621 449 3691 bile
473 3631 508 3691 ot
530 3624 814 3714 concupiscibile,
832 3600 964 3694 scilicet
982 3627 1102 3717 pulcra
1115 3625 1255 3706 mulier,
1273 3623 1373 3693 cibus
1393 3621 1574 3700 delicatus,

381 3739 427 3828 (p.
445 3742 521 3822 506,
540 3763 568 3807 c.
592 3742 626 3830 l)
644 3743 770 3809 uinum
790 3740 950 3832 sapidum
974 3749 1008 3810 ot
1025 3740 1245 3821 huiusmodi;
1267 3762 1335 3831 quo
1355 3761 1438 3808 cum
1458 3737 1575 3807 illicite

380 3854 473 3944 capit
485 3855 601 3934 homo,
616 3859 784 3945 capitura
800 3857 957 3927 Diabolo.

434 4053 471 4122 p)
487 4054 518 4107 Ρ.
537 4056 579 4119 ao,
595 4054 700 4115 5555,
712 4057 741 4108 r.
759 4057 802 4116 uo,
817 4057 875 4110 rra.
890 4057 934 4122 55,
951 4057 1008 4110 uc.
1025 4059 1069 4121 57,
1087 4055 1146 4109 no.
1159 4056 1204 4120 or,
1223 4055 1279 4108 aa.
1294 4054 1338 4119 u,
1354 4052 1410 4106 aa.
1429 4053 1476 4116 55,
1491 4051 1522 4105 n.
1534 4051 1573 4111 rc,

383 4142 437 4194 ro.
455 4145 498 4208 55,
515 4143 571 4196 ns.
587 4147 630 4203 sr,
649 4143 702 4195 uc.
721 4145 764 4208 aa,
781 4146 836 4199 cs.
853 4142 911 4210 aab,
926 4145 978 4199 cu.
994 4147 1051 4211 512,
1071 4146 1127 4200 ln.
1144 4147 1188 4198 ro.

435 4233 470 4300 (a)
487 4233 517 4284 r.
535 4234 579 4295 si,
602 4232 653 4285 aa.
677 4236 719 4297 55,
744 4233 801 4287 riu.
825 4237 869 4296 ar,
897 4235 953 4288 uc.
977 4236 1020 4301 55,
1046 4235 1105 4288 uo.
1129 4235 1173 4299 oa,
1193 4234 1249 4287 aa.
1272 4235 1314 4297 rs,
1337 4231 1393 4285 aa.
1413 4233 1458 4297 55,
1484 4230 1515 4282 rr.
1533 4229 1570 4287 u,

384 4321 438 4373 lo.
456 4322 499 4383 so,
519 4322 573 4375 or.
589 4324 632 4383 aa,
651 4322 704 4376 oc.
722 4325 765 4386 55,
784 4323 838 4376 ni.
856 4325 882 4388 5,
900 4324 954 4386 ci,
969 4325 1012 4389 ao,
1029 4324 1081 4377 uo.
1099 4325 1143 4390 52,
1161 4321 1218 4376 an.
1231 4323 1277 4376 ao.
