3270 5626
722 476 908 528 FABULAE.
1371 482 1417 533 &35

281 618 381 686 'l'ales
408 624 492 685 sunt
511 619 663 706 episcopi
685 625 718 685 et
737 619 862 708 prelati
884 621 1097 704 meticulosi,
1123 623 1183 712 qui
1208 644 1270 711 pro
1297 623 1416 715 aliquo

214 742 283 802 tem
288 735 400 826 poroli
428 733 650 802 incommodo
663 733 884 802 abscondunt
899 758 1013 805 senec
1028 759 1064 805 se
1079 744 1261 828 opponunt
1274 761 1415 808 murum

213 883 276 950 pro
292 858 393 926 domo
410 858 563 926 Domini.

483 1055 587 1110 xlvi.
614 1085 649 1095 -
680 1055 875 1126 [Fonurcl
902 1057 951 1111 ΕΤ
975 1057 1148 1128 UNAM]

517 1199 656 1259 contra
677 1200 809 1272 pigros
831 1202 870 1260 et
890 1202 1116 1263 desidiosos,

282 1347 442 1415 Formica
458 1347 691 1428 trumentum,
710 1346 803 1438 quod
819 1349 855 1414 in
871 1355 980 1416 estate
996 1349 1196 1440 collegerat,
1215 1351 1419 1420 extrahebat

214 1466 251 1532 in
271 1486 385 1557 yeme,
407 1469 444 1530 vt
466 1465 613 1531 siccaret
637 1468 758 1530 contra
780 1464 903 1531 solem.
927 1463 1141 1554 Superuenit
1164 1467 1289 1535 Cicada
1312 1468 1420 1536 fame·

215 1580 283 1648 lica
301 1587 335 1647 et
354 1579 556 1653 macilenta,
579 1601 706 1670 rogans
721 1584 759 1646 vt
779 1586 957 1648 mutuaret
973 1579 1029 1648 vel
1049 1580 1144 1649 daret
1166 1583 1198 1649 ei
1214 1581 1256 1650 de
1271 1581 1362 1665 cibo,
1382 1590 1419 1650 vt

214 1697 334 1764 viuere
362 1701 489 1785 posset.
512 1695 574 1763 Cui
595 1695 754 1762 Formica
769 1694 858 1763 dixit
880 1695 965 1786 quid
987 1694 1136 1765 faciebat
1154 1698 1190 1764 in
1211 1703 1330 1765 estate.
1356 1698 1417 1766 Cui

216 1812 300 1880 illa:
328 1812 394 1878 Per
417 1811 538 1893 siluas,
571 1832 669 1900 sepes
694 1816 729 1878 et
756 1817 855 1901 prata
874 1811 981 1896 ibam,
1012 1819 1158 1880 cantans
1182 1818 1215 1881 et
1242 1814 1416 1881 exultans.

216 1927 377 1995 Formica
397 1926 577 2015 respondit
596 1927 656 1994 :Si
678 1927 715 1993 in
736 1932 844 1994 estate
864 1928 1026 2004 cantasti,
1045 1929 1081 1995 in
1101 1951 1202 2020 yeme
1221 1928 1320 1997 salta.
1386 1994 1389 2001 .

281 2042 372 2123 Quia
392 2043 652 2131 scriptumest:
672 2040 740 2124 Qui
756 2065 828 2110 non
845 2042 991 2124 laborat,
1007 2066 1079 2112 non
1091 2043 1277 2112 manducet
1294 2047 1355 2134 (l),
1371 2053 1416 2130 et,

216 2160 243 2225 si
274 2157 434 2226 mercede
464 2157 591 2244 dignus
617 2164 669 2225 est
696 2159 877 2245 operarius
906 2159 967 2250 (2),
991 2181 1063 2226 non
1091 2165 1295 2249 operantem
1321 2160 1418 2228 nulla

215 2296 348 2342 merces
363 2274 556 2364 contingat.

455 2470 579 2524 XLl'll.
605 2500 639 2508 -
664 2469 898 2539 ,ncull‘tTElt
925 2470 973 2524 ET
1003 2471 1180 2541 llllil'lIS„

660 2623 750 2683 Alta
770 2626 816 2682 dc
838 2627 978 2684 eodem.

282 2782 457 2870 Accipiter
472 2803 543 2848 una
562 2779 617 2865 die
633 2779 794 2850 obuiauit
808 2780 918 2849 Miluo
934 2782 970 2847 in
991 2804 1083 2863 aere,
1106 2787 1140 2850 et
1158 2805 1320 2874 agressus
1336 2806 1418 2851 eum

215 2896 341 2965 acriter
353 2896 543 2986 prostrauit
557 2896 599 2964 ad
617 2903 745 2964 terram
759 2904 793 2964 et
805 2898 918 2965 tenuit
933 2895 999 2965 sub
1015 2918 1064 2979 se,
1075 2903 1110 2964 et
1123 2896 1210 2965 dixit
1225 2900 1256 2964 ei
1275 2918 1282 2965 ε
1299 2898 1416 2981 Miser,

215 3034 334 3080 nonne
354 3019 425 3080 tam
446 3035 608 3102 grossum
630 3013 786 3102 corlp]us
810 3011 918 3080 habes
939 3018 989 3093 tu,
1011 3012 1102 3080 siout
1121 3017 1213 3103 ego?
1229 3014 1420 3104 Respondit.

215 3129 371 3197 lliluus:
402 3129 513 3196 lmmo
538 3129 706 3218 grossius.
734 3128 858 3196 Nonne
882 3127 988 3217 pedes
1012 3134 1046 3195 et
1066 3150 1201 3219 vngues
1225 3129 1273 3196 ita
1292 3130 1419 3198 fortes?

216 3243 406 3334 Respondit
425 3264 433 3313 :
452 3244 564 3311 Immo
579 3244 757 3311 forciores.
773 3244 896 3312 Nonne
913 3249 1066 3311 rostrum
1083 3245 1130 3312 ita
1145 3244 1274 3313 durum
1290 3252 1325 3313 et
1338 3269 1419 3315 acu·

215 3367 306 3442 tum,
325 3359 424 3429 sicud
444 3363 532 3451 ego?
552 3358 745 3448 Respondit
766 3381 773 3426 :
796 3360 918 3427 lmmo.
943 3359 985 3427 Et
1002 3359 1137 3428 addidit
1156 3361 1353 3451 Accipiter:
1377 3363 1418 3430 Et

215 3499 324 3568 quare
352 3476 460 3566 igitur
489 3476 661 3564 permittis
690 3497 745 3541 me
771 3475 944 3543 minorem
972 3483 1004 3543 te
1027 3483 1062 3544 et
1088 3475 1293 3545 debiliorem
1315 3484 1347 3545 te
1368 3479 1417 3545 sic

215 3599 336 3660 tenere
352 3590 417 3659 sub
432 3591 601 3681 pedibus?
617 3589 805 3680 Respondit
820 3589 951 3658 Miluus
969 3612 976 3659 :
994 3591 1094 3659 Certe
1110 3615 1169 3660 cor
1183 3592 1270 3659 mihi
1287 3592 1414 3676 deficit,

215 3715 248 3776 et
270 3708 348 3776 ideo
367 3708 460 3775 vires
481 3706 568 3773 mihi
590 3728 660 3773 non
675 3713 768 3772 sunt.

333 3923 473 3978 xlvru.
502 3953 537 3962 —
563 3921 654 3991 [lits
681 3921 909 3976 nounsrlcn
935 3922 983 3976 ET
1010 3922 1291 3989 (IAMPESTRlS.l

501 4068 640 4127 contra
661 4066 858 4138 gulososos
878 4066 916 4124 et
938 4065 1136 4127 delicatos.

280 4217 359 4284 Mus
384 4214 576 4282 domestica
597 4212 767 4304 querebat
794 4235 814 4279 a
841 4214 1027 4302 campestri
1052 4236 1119 4304 que
1146 4214 1353 4297 comederet,
1381 4222 1415 4282 et

214 4332 367 4424 qualiter
389 4332 538 4398 viueret.
566 4328 640 4409 Que
665 4327 844 4419 respondit
865 4349 872 4394 :
895 4328 1112 4420 Quandoque
1131 4328 1236 4397 duras
1259 4329 1355 4398 fabas
1381 4337 1416 4398 et

268 4493 307 4564 (Ι)
322 4480 421 4563 Epitre
435 4493 458 4547 ll
474 4492 509 4546 de
526 4492 554 4546 S.
570 4490 640 4545 Paul
654 4506 711 4544 oux
724 4488 986 4551 Tliessaloniciens‚
1003 4492 1033 4544 C.
1051 4508 1089 4557 ιιι,
1107 4509 1130 4546 ι’.
1147 4495 1188 4546 tt).

268 4583 307 4655 (2)
322 4570 427 4654 dreng.
442 4581 523 4637 selon
541 4583 568 4637 S.
588 4583 653 4647 lue,
670 4583 699 4633 tl.
715 4596 742 4645 ιι,
760 4595 783 4632 ι’.
801 4582 827 4632 7.
