3270 5626
214 477 260 527 422
551 476 759 529 JOHA'NNIS
785 479 837 530 DE
864 479 1083 532 SCHEPEYA

214 620 252 688 in
266 618 464 688 densiorem
484 620 625 703 siluam,
640 619 698 690 vbi
718 643 739 689 a
753 622 919 712 vepribus
935 628 969 691 et
983 621 1150 691 erbomm
1167 622 1348 690 ramiculis
1358 645 1405 712 per

214 757 346 804 cornua
363 734 527 802 detentus
542 742 607 819 est,
624 759 668 805 ne
683 739 839 806 transire
853 745 988 830 posset;
1006 745 1040 806 et
1059 738 1149 806 dixit
1170 759 1178 806 :
1202 739 1297 806 Heu!
1319 737 1405 818 mihi,

215 852 298 942 quia
324 850 428 918 decor
451 873 624 920 cornuum
645 875 818 936 meorum,
841 855 879 922 in
899 878 969 946 quo
990 860 1129 923 tantum
1149 853 1344 945 superbiui‚
1365 877 1408 922 me

215 965 305 1056 cogit
320 967 422 1034 mori.

551 1138 630 1193 xiv.
659 1168 695 1178 -
722 1138 883 1209 [asinus
911 1139 960 1194 ur
988 1139 1085 1210 une]

656 1320 746 1379 Alia
765 1322 812 1379 de
834 1322 974 1380 eodem.

282 1502 426 1585 Asinus,
444 1523 630 1571 occurrens
650 1501 773 1585 Leoni,
795 1503 846 1572 ait
868 1504 924 1571 ei:
955 1502 1200 1572 Aseendamus
1225 1504 1263 1570 in
1294 1503 1409 1572 montis

217 1638 398 1701 cacumen,
408 1623 444 1685 et
456 1615 637 1686 ostendum
652 1618 717 1687 tibi
733 1618 826 1710 quod
843 1620 947 1687 multi
958 1641 1015 1687 me
1025 1620 1166 1687 timent.
1177 1618 1223 1686 At
1234 1619 1303 1688 Leo
1313 1618 1409 1687 subri-

216 1730 303 1800 dens
322 1734 370 1800 ait
389 1754 396 1800 :
416 1733 556 1801 Eamus.
568 1734 725 1824 Cumque
735 1734 915 1803 venissent
929 1733 972 1803 ad
985 1735 1116 1818 locum,
1127 1740 1227 1802 stans
1240 1734 1368 1802 Asinus
1380 1735 1408 1800 iu

217 1847 324 1928 edito,
347 1850 476 1917 emissa
500 1871 597 1931 voce,
619 1849 787 1918 clamauit
810 1873 872 1919 sue
891 1851 935 1941 (1)
959 1872 1074 1918 more.
1093 1850 1207 1932 Quem
1227 1848 1408 1929 audientes,

216 1963 348 2054 Vulpes
368 1970 402 2032 et
422 1964 570 2054 Lepores
590 1971 625 2032 et
648 1965 716 2033 alia
736 1967 874 2034 minuta
894 1966 1070 2035 animalia
1091 1988 1234 2035 currere
1258 1971 1409 2056 ceperunt

218 2087 252 2147 et
271 2080 391 2169 fugere
410 2103 472 2171 pre
489 2080 584 2150 vocis
603 2085 746 2149 terrore.
768 2080 832 2148 Cui
853 2080 921 2150 Leo
940 2083 1017 2151 ait:
1040 2082 1156 2149 Poluil
1179 2104 1237 2149 me
1257 2082 1407 2149 termisse

216 2218 283 2263 vox
299 2202 359 2263 tua
374 2195 555 2277 terribilis,
569 2218 614 2263 ne
630 2196 679 2287 (2)
695 2203 728 2264 te
744 2197 905 2286 nouisse[
945 2198 970 2286 ).

499 2448 559 2502 XV.
588 2477 623 2488 -
652 2446 855 2518 [TORTUCA
884 2446 932 2502 ET
959 2446 1139 2517 Aonian]

430 2624 483 2679 ne
504 2618 712 2679 ambicione
734 2618 933 2691 dignitatis
955 2621 1204 2708 othonorum.

284 2795 443 2877 Toriuea,
464 2816 612 2863 manens
637 2793 673 2862 in
696 2795 783 2862 loeis
811 2793 906 2876 imis,
933 2794 1099 2862 conuenit
1119 2815 1202 2862 eum
1229 2792 1352 2884 Aquila
1372 2797 1398 2856 u

218 2916 368 3002 portaret
389 2933 464 2978 eam
481 2911 518 2977 in
534 2911 725 3001 superiora.
743 2910 940 2978 constituta
954 2909 1072 3000 itaque
1086 2908 1261 2989 mercede,
1278 2907 1396 2998 Aquila,

217 3050 359 3095 sumens
382 3050 471 3106 eam,
498 3028 652 3115 perleuit
678 3028 713 3092 in
736 3026 858 3106 altum,
884 3030 918 3092 et
941 3024 1053 3092 dixit:
1079 3025 1165 3092 Ecce
1189 3047 1284 3092 nune
1303 3048 1336 3090 es
1353 3021 1397 3088 vbi

217 3166 292 3209 esse
317 3143 473 3209 veluisli.
501 3144 601 3210 Nunc
631 3142 747 3209 videre
774 3147 962 3230 potesque
990 3163 1172 3229 nunquam
1195 3140 1325 3207 vidisti.
1349 3136 1395 3205 Cui

217 3258 364 3325 Toriuea
381 3281 388 3326 :
407 3258 516 3325 Multa
530 3257 673 3348 quidem
688 3256 800 3337 viden,
814 3263 847 3324 et
863 3257 900 3322 in
920 3255 1159 3346 superioribus
1176 3257 1339 3334 consisi0;
1351 3248 1394 3319 sed

217 3373 358 3441 mallem
382 3396 456 3442 esse
482 3375 518 3439 in
538 3374 709 3440 foramine
737 3395 827 3439 mee.
853 3370 928 3452 Quo
951 3371 1082 3451 audite,
1105 3372 1236 3461 Aquila
1260 3367 1393 3462 permisit

218 3513 293 3557 eam
312 3490 432 3558 eadere
448 3495 482 3557 et
497 3490 641 3557 omnino
658 3489 782 3578 perire.

414 3742 491 3796 XVI.
521 3772 556 3781 —
586 3741 778 3811 [ARANEA,
809 3739 943 3793 MUSCA
974 3737 1021 3792 ET
1048 3737 1228 3805 νΕΝΤΕὸ.)

658 3914 744 3971 Alie
766 3915 810 3971 de
832 3914 971 3972 eodem.

286 4091 421 4158 Araura
440 4112 481 4156 ex
502 4114 538 4157 se
560 4089 617 4156 iila
633 4087 738 4154 trahit
755 4094 789 4155 et
803 4088 911 4155 telam
928 4086 1077 4165 orditur,
1096 4093 1129 4153 et
1146 4091 1256 4153 lotam
1271 4107 1305 4151 se
1319 4080 1390 4148 euis-

220 4215 312 4274 rerai
330 4212 363 4273 ri
381 4230 485 4273 unam
506 4205 660 4272 Muscam
678 4205 806 4292 capiat;
829 4226 935 4294 quam
956 4226 1035 4271 cum
1057 4203 1160 4291 arpii.
1182 4202 1276 4268 venit
1291 4201 1390 4265 reulus

220 4325 369 4395 ualidus.
392 4329 437 4406 ei,
461 4322 564 4390 [elam
588 4321 775 4409 dissipans
793 4321 968 4386 Araneam
991 4341 1069 4387 cum
1095 4317 1213 4386 Musca
1235 4310 1388 4407 disperdil.

274 4495 312 4564 (1)
335 4493 414 4547 Aiusi
428 4511 504 4564 pour
515 4510 573 4549 sere.

275 4583 312 4654 (2)
336 4584 410 4637 Aisez
428 4599 434 4636 :
451 4586 490 4637 ai.
