3270 5626
616 485 846 538 conuucrlo
874 487 1015 540 PRIMA.
1368 488 1411 537 371

212 630 327 701 batur.
345 632 419 714 Que
439 631 595 723 grauiter
611 631 790 700 infirmata
809 632 914 700 iussit
932 631 1168 722 presbiterum
1187 630 1254 699 sibi
1270 630 1411 714 adduci,

213 754 259 831 et,
273 748 382 816 vitam
395 769 495 815 suam
508 745 575 814 sibi
586 746 770 831 confitens,
782 747 824 815 ab
841 771 881 816 eo
891 746 1255 838 com[m]unicabatur.
1264 748 1318 829 Et,
1331 770 1412 816 cum

213 863 374 932 sacerdos
397 863 457 930 ille
476 861 622 930 domum
642 864 811 946 venisset,
835 864 1025 954 requisitus
1045 869 1098 931 est
1111 869 1148 931 vt
1166 861 1210 931 ad
1224 862 1410 954 quemdam

213 999 403 1069 pauperem
414 983 631 1068 egrotantem
647 984 877 1069 properanter
890 979 1035 1061 veniret,
1048 984 1082 1047 et
1096 977 1161 1047 bac
1176 977 1297 1047 eadem
1313 978 1412 1062 hora,

212 1099 251 1162 vt
269 1092 312 1162 ad
332 1092 461 1162 dictam
481 1100 679 1162 matronam
701 1092 842 1178 rediret,
860 1101 1001 1186 rogatus
1017 1100 1079 1162 est.
1097 1095 1139 1162 Et
1157 1117 1239 1163 eum
1254 1092 1414 1163 sacerdos

214 1210 327 1299 ipsam
342 1210 487 1277 omnino
507 1207 678 1277 mundam
695 1216 862 1299 speraret,
873 1232 913 1278 ea
928 1210 1059 1293 relicta,
1077 1208 1119 1278 ad
1135 1232 1323 1300 pauperem
1338 1217 1413 1278 ten-

214 1324 328 1394 debat.
348 1324 416 1405 Qui
435 1325 578 1393 interim
599 1330 760 1392 mortuus
777 1332 839 1393 est.
858 1325 960 1394 Vnde
976 1324 1146 1417 presbiter
1160 1325 1341 1417 ingemens
1358 1324 1417 1393 de-

215 1447 376 1531 precatus
387 1447 439 1508 est
450 1439 629 1508 Christum
641 1446 678 1508 vt
688 1440 730 1508 ad
740 1463 865 1533 corpus
876 1441 994 1509 anima
1009 1440 1150 1521 rediret,
1162 1463 1205 1510 ne
1217 1441 1414 1531 periculum

216 1557 423 1639 incurreret,
447 1563 480 1624 et
500 1556 549 1624 ita
568 1557 700 1624 factum
717 1564 784 1638 est;
807 1563 1039 1647 mortuusque
1059 1557 1298 1639 resuscitatus,
1316 1556 1416 1648 quasi

215 1672 363 1741 fetorem
378 1671 535 1740 sentiens
550 1671 862 1753 innumerabilem,
879 1672 961 1741 hinc
978 1670 1060 1740 inde
1074 1672 1262 1762 expuebat;
1278 1678 1325 1753 et,
1336 1694 1418 1741 cum

215 1810 236 1855 a
250 1786 444 1879 presbitero
460 1793 602 1879 rogatus
615 1795 706 1856 esset
721 1810 863 1856 causam
878 1788 958 1857 talis
973 1795 1091 1879 gestus
1106 1789 1316 1878 exprimere,
1328 1788 1416 1857 dixit

215 1902 309 1994 quod
321 1903 437 1994 angeli
454 1901 643 1971 demonum
659 1903 814 1971 animam
826 1903 917 1972 dicte
930 1911 1088 1972 matrone
1104 1927 1185 1972 cum
1200 1910 1298 1972 tanto
1312 1900 1433 1973 fetore

216 2018 260 2088 ad
278 2018 460 2087 infernum
475 2017 716 2109 deportabant,
739 2017 834 2110 quod
854 2025 948 2088 totus
967 2019 1121 2087 mundus
1136 2019 1195 2088 rix
1214 2020 1417 2088 sustineret.

216 2134 319 2219 Quod
344 2156 426 2203 cum
452 2132 545 2203 dicto
578 2133 774 2225 presbitero
805 2134 983 2203 videretur
1016 2134 1231 2218 incredibile,
1262 2135 1417 2226 quesiuit

216 2272 360 2320 causam
374 2249 455 2318 talis
472 2249 753 2340 dampnacionis.
772 2249 1032 2342 Responditque
1057 2251 1281 2319 resuscitatus
1305 2251 1417 2341 ipsam

217 2367 346 2436 bonam
366 2367 404 2434 in
419 2365 585 2435 omnibus
604 2367 776 2449 extitisse,
794 2373 937 2457 excepto
952 2365 1044 2457 quod
1064 2366 1101 2434 in
1120 2388 1198 2434 eam
1213 2363 1421 2457 delinquen-

215 2481 312 2554 tibus
320 2504 393 2549 non
402 2482 503 2551 nouit
518 2482 710 2565 remittere,
723 2480 1011 2572 hocquecausam
1027 2481 1238 2573 perdicionis
1249 2481 1419 2551 extitisse.

256 2768 309 2824 XV
339 2767 467 2841 (XLIX).
494 2798 530 2808 -
557 2768 606 2823 DE
637 2767 806 2833 QUODAM
833 2767 1088 2834 SACERDOTE,
1118 2768 1381 2825 SOllPNlENTE

476 2865 585 2932 QUOD
613 2864 771 2921 PUTEUS
800 2865 1163 2923 Pnorunnlssruus

364 2962 469 3023 ERAT
494 2963 545 3018 Ab
574 2962 700 3018 PEDES
726 2962 819 3018 ulus
845 2963 1002 3019 eructo
1026 2964 1276 3021 COOPERTUS.

287 3158 439 3240 Quidam
460 3165 535 3228 erat
557 3157 732 3239 sacerdos,
754 3158 811 3226 cui
830 3158 1043 3248 sompnienti
1064 3158 1210 3227 inlecto
1231 3181 1294 3227 suo
1313 3183 1421 3250 appa·

218 3277 291 3345 ruit
304 3273 399 3366 quod
412 3273 455 3343 ad
476 3274 580 3365 pedes
602 3274 682 3342 lecti
703 3279 776 3342 erat
796 3279 922 3363 puteus
938 3273 1038 3343 fedus
1058 3281 1092 3343 et
1107 3273 1416 3365 profundissimus,

219 3392 336 3460 cilicio
348 3397 544 3482 coopertus,
555 3397 588 3458 et
601 3390 751 3481 angelus
764 3388 931 3458 accedens
944 3390 1073 3479 optulit
1082 3392 1114 3458 ei
1129 3398 1291 3480 patenam
1302 3391 1421 3460 calicis

219 3507 363 3599 plenam
375 3505 515 3590 oblatis,
532 3528 620 3597 quas
640 3506 744 3574 iussit
758 3511 794 3573 vt
814 3504 1088 3595 eomtmlederet.
1112 3506 1288 3575 Presbiter
1302 3512 1419 3577 autem

219 3623 455 3714 perter[r]itus
475 3619 756 3690 misericordiam
772 3620 1020 3710 expostulauit,
1038 3621 1122 3711 quid
1137 3622 1222 3690 talia
1241 3623 1421 3713 signarent

220 3738 410 3830 diligenter
436 3737 632 3828 inquirens.
662 3737 725 3805 Cui
754 3735 914 3826 angelus,
948 3737 985 3803 in
1019 3736 1258 3825 misericordia
1290 3736 1420 3805 Christi

221 3855 355 3935 iurans,
377 3853 466 3923 dixit
484 3851 590 3944 quod,
612 3850 742 3920 oblatis
765 3852 837 3920 illis
857 3852 1098 3943 comtmlestis,
1116 3875 1178 3942 per
1196 3858 1342 3942 puteum
1368 3851 1417 3920 ibi

221 3976 403 4061 parentem
419 3970 457 4037 in
477 3969 655 4037 infernum
675 3968 793 4036 statim
809 3974 901 4036 esset
916 3967 1160 4051 descensurus,
1177 3969 1248 4037 nisi
1267 3967 1419 4037 obstaret

222 4093 256 4155 et
275 4085 414 4154 iuuaret
428 4083 592 4153 hesterna
611 4083 784 4152 confessio
798 4105 903 4173 quam
924 4081 1084 4152 sacerdos
1104 4083 1269 4152 emiserat
1286 4103 1293 4150 :
1309 4083 1420 4152 Conti-

222 4201 358 4271 temini.
376 4201 466 4292 Ergo
482 4199 590 4270 huius
610 4200 741 4267 relatus
761 4199 905 4267 territus
924 4221 1067 4288 pauore,
1087 4206 1121 4267 et
1140 4207 1177 4269 vt
1197 4207 1422 4290 cognosceret

222 4318 344 4408 quales
369 4323 487 4385 essent
510 4315 571 4384 ille
592 4314 721 4397 oblate,
751 4313 853 4382 iussit
874 4314 905 4382 ei
929 4320 965 4382 vt
984 4337 1129 4383 manum
1151 4314 1369 4396 extenderet3
1387 4322 1422 4383 et

222 4431 411 4524 quamdam
445 4430 598 4501 oblatam
630 4429 871 4520 superposuit,
906 4452 974 4520 que
1003 4452 1147 4499 manum
1185 4430 1420 4499 incontinenti

220 4549 432 4639 penetrauit.
456 4547 532 4616 Hiis
547 4548 632 4614 visis
652 4552 687 4614 et
698 4525 842 4629 auditis,
860 4544 1032 4635 presbiter
1050 4546 1214 4637 penituit.
