3270 5626
215 504 261 555 368
544 496 695 549 ououls
719 497 897 549 FABULIS
922 496 1088 557 auum,

215 667 406 740 precauens
430 642 545 712 dixit:
567 643 635 724 Qui
661 641 778 710 clerici
805 641 998 731 probantur
1015 641 1217 731 periciores,
1244 666 1317 710 non
1340 652 1417 712 sunt

215 763 252 832 in
271 784 375 852 opere
395 760 583 829 cauciores.

280 876 427 945 Mistice.
449 875 516 943 Per
533 875 688 944 Leonem
710 874 890 943 moraliter
907 873 1068 968 intelligo
1088 877 1270 944 racionem
1291 898 1359 967 quc
1377 876 1415 944 dc

215 993 380 1064 omnibus
396 1016 464 1084 que
478 993 608 1061 fecerat
626 992 732 1060 homo
746 992 911 1082 disponit,
927 1013 990 1083 per
1005 991 1142 1082 Lupum
1158 991 1414 1066 fortitudinem,

215 1132 277 1201 per
286 1110 436 1200 Vulpem
445 1108 687 1199 prudenciam,
699 1130 760 1198 per
774 1109 924 1176 Asinum
940 1128 1084 1176 carnem
1094 1106 1337 1198 ponderosum
1346 1108 1414 1199 (sict

215 1233 251 1295 et
264 1225 408 1294 delicias
423 1230 657 1316 appetentem,
669 1245 738 1315 que
754 1223 886 1314 raciolni
901 1223 1121 1312 contempnit
1134 1221 1279 1292 obedire
1294 1229 1329 1291 et
1342 1245 1416 1312 pru-

215 1340 376 1410 denciam
402 1341 510 1408 nimis
536 1340 875 1431 appropinquantem
899 1345 1039 1407 excecat
1062 1345 1097 1407 et
1121 1339 1324 1421 confundit,
1353 1347 1412 1408 etc.

251 1608 326 1664 Vlll
355 1607 471 1679 (XLII).
500 1638 535 1646 —
563 1607 614 1662 DE
643 1606 810 1672 QUODAM
840 1605 945 1662 REGE
973 1605 1147 1662 turrano
1175 1607 1383 1662 CUPlENTE

443 1704 563 1760 SCIRE
592 1704 627 1759 Sl
657 1704 790 1760 SUPER
820 1704 899 1759 floc
925 1703 1189 1761 MORERETUR.
1265 1767 1267 1771 ,

284 1883 323 1950 ln
345 1882 435 1951 libro
458 1881 595 1972 Regum
617 1881 663 1973 (l)
687 1881 880 1951 scribitur:
907 1879 1057 1962 Quidam
1082 1904 1144 1949 rex
1167 1885 1359 1973 egrotauit,
1384 1891 1415 1952 et

217 1999 321 2067 iussit
348 1996 487 2066 cuidam
510 1996 676 2065 clientulo
699 2020 763 2065 suo
786 2005 834 2080 vt,
859 2019 1009 2087 pergens
1032 1996 1076 2066 ad
1098 1997 1290 2089 quemdam
1315 1998 1415 2068 deum

218 2135 334 2195 suum,
358 2118 521 2204 quereret
542 2111 585 2180 ab
615 2135 654 2180 eo
679 2113 708 2179 si
734 2114 770 2180 in
795 2112 856 2180 illa
880 2112 1083 2181 infirmitate
1110 2120 1203 2182 esset
1225 2117 1416 2184 moriturus

217 2251 341 2297 necne.
360 2229 423 2297 Cui
447 2228 590 2310 nunci0,
610 2226 722 2295 obiter
748 2251 768 2295 a
797 2226 941 2295 domino
964 2229 1106 2310 missus,
1131 2228 1229 2298 Elias
1250 2231 1418 2327 propheta

219 2343 331 2413 dixit:
360 2344 530 2411 Dominus
549 2350 632 2411 tuus
651 2344 833 2424 morietur,
856 2344 939 2433 quia
959 2343 1089 2412 falsum
1109 2344 1215 2412 deum
1236 2348 1417 2416 consulere

216 2459 366 2529 volebat.
378 2459 537 2527 Nuncius
554 2480 718 2526 reuersus
734 2458 877 2526 domino
893 2481 957 2526 suo
973 2460 1178 2550 retulitque
1195 2461 1346 2530 viderat.
1358 2463 1417 2532 Cui

217 2598 279 2643 rex
300 2596 308 2643 :
333 2574 409 2656 Que
429 2580 574 2658 statura,
597 2596 665 2666 que
685 2572 892 2642 indumenta
912 2574 996 2642 talia
1015 2574 1079 2643 tibi
1098 2577 1328 2645 nunciantis?
1345 2578 1417 2660 Quc

218 2713 299 2760 cum
311 2713 332 2759 a
346 2691 478 2758 nuncio
494 2690 663 2771 audierat,
681 2688 789 2756 dixit:
807 2690 901 2758 Elias
918 2689 1086 2780 propheta
1099 2691 1167 2772 est:
1182 2698 1217 2759 et
1231 2694 1335 2763 iussit
1349 2697 1419 2763 cui-

218 2806 297 2876 dam
313 2806 419 2874 militi
435 2828 594 2888 suorum,
611 2806 672 2895 qui
689 2804 753 2874 sub
769 2828 805 2873 se
828 2829 869 2872 .n.
892 2804 1055 2875 homines
1073 2804 1238 2890 habehat,
1255 2815 1294 2876 vt
1309 2809 1418 2879 Etiam

218 2928 379 3014 quereret
397 2928 432 2989 ct
451 2923 639 2988 inuentum
654 2920 854 2989 adduceret.
873 2921 940 3002 Qui
961 2944 1118 3013 pergens.
1129 2921 1271 2991 inuenit
1287 2947 1367 2993 eum
1385 2928 1417 2992 in

218 3046 337 3106 monte
353 3044 524 3119 orantem,
535 3036 668 3104 ctdixit
686 3059 692 3104 :
709 3038 821 3105 Homo
837 3038 912 3118 Dei,
925 3037 1109 3122 descende,
1126 3045 1164 3106 vt
1179 3062 1260 3107 curn
1278 3040 1418 3110 domino

219 3176 296 3221 meo
312 3152 479 3242 loquaris.
494 3152 559 3232 Qui
575 3152 664 3219 dixit
681 3173 688 3218 :
707 3153 742 3219 Si
764 3153 869 3220 homo
886 3154 946 3221 Dei
963 3177 1053 3234 sum,
1072 3153 1241 3245 deprecor
1255 3163 1294 3224 vt
1314 3159 1417 3249 ignis,

219 3269 260 3337 dc
284 3268 358 3335 cclo
381 3267 606 3349 descendens,
635 3275 666 3334 te
688 3275 721 3334 et
743 3274 820 3336 tuos
844 3276 1037 3336 consumat.
1065 3270 1106 3337 Et
1126 3271 1174 3338 ita
1198 3272 1416 3342 factumest.

219 3384 480 3471 Consequenter
499 3404 559 3448 rex
580 3383 690 3450 alium
712 3384 861 3450 militem
881 3407 960 3451 cum
982 3385 1128 3453 totidem
1149 3389 1248 3455 misit
1268 3390 1312 3456 ad
1337 3412 1420 3458 eun·

219 3498 310 3580 dem,
335 3506 369 3565 et
393 3498 498 3565 homo
524 3498 615 3565 idem
637 3501 755 3565 euenit
779 3499 871 3589 quod
893 3500 936 3568 dc
961 3502 1088 3591 priore.
1118 3501 1188 3570 lam
1211 3512 1306 3592 patet
1328 3507 1419 3597 quod

219 3616 354 3681 nullam
380 3612 579 3681 molestiam
599 3615 800 3682 intulerunt
819 3615 999 3705 prophete,
1022 3625 1056 3684 ct
1079 3625 1196 3685 tamen
1219 3625 1419 3712 consumpti

219 3736 319 3798 crant
338 3737 480 3819 propter
497 3730 727 3801 voluntatem.
750 3754 856 3820 quam
878 3731 1088 3815 habuerunt,
1112 3735 1148 3800 in
1170 3736 1288 3823 ipsum
1311 3738 1420 3807 delin-

220 3846 365 3936 quendi,
381 3847 410 3912 si
426 3845 612 3913 adduxisse
633 3847 840 3935 potuissent,
860 3854 924 3914 etc.

285 3961 482 4055 ¹Conclusio.
501 3961 590 4052 Ergo
615 3984 879 4030 amnroueamus
895 3970 929 4030 et
948 3966 1123 4032 cuitemus
1140 3972 1211 4032 tam
1232 3970 1345 4037 malas
1369 3995 1420 4039 co·

219 4076 409 4168 gitaciones
433 4100 539 4167 quam
569 4100 673 4166 opera
699 4078 831 4166 iniqua,
853 4081 936 4169 quia
956 4103 998 4147 cx
1022 4079 1237 4170 cogitacione
1263 4089 1416 4177 sequitur

220 4215 320 4282 opuS,
338 4200 402 4261 etc.

273 4379 692 4450 (tt1,iv.1V‚c.1,v.2u12.
