<?xml version="1.0" encoding="UTF-8"?>
<!DOCTYPE html PUBLIC "-//W3C//DTD XHTML 1.0 Transitional//EN"
    "http://www.w3.org/TR/xhtml1/DTD/xhtml1-transitional.dtd">
<html xmlns="http://www.w3.org/1999/xhtml" xml:lang="en" lang="en">
 <head>
  <title>
</title>
<meta http-equiv="Content-Type" content="text/html;charset=utf-8" />
  <meta name='ocr-system' content='tesseract 3.04.00' />
  <meta name='ocr-capabilities' content='ocr_page ocr_carea ocr_par ocr_line ocrx_word'/>
</head>
<body>
  <div class='ocr_page' id='page_1' title='image "./lesfabulistesla00hervgoog_0400.png"; bbox 0 0 3270 5626; ppageno 0'>
   <div class='ocr_carea' id='block_1_1' title="bbox 362 496 1235 560">
    <p class='ocr_par' dir='ltr' id='par_1_1' title="bbox 362 496 1235 560">
     <span class='ocr_line' id='line_1_1' title="bbox 362 496 1235 560; baseline -0.002 -10"><span class='ocrx_word' id='word_1_1' title='bbox 362 502 408 553; x_wconf 78' lang='lat'>388</span> <span class='ocrx_word' id='word_1_2' title='bbox 691 496 840 547; x_wconf 87' lang='lat' dir='ltr'>ODONIS</span> <span class='ocrx_word' id='word_1_3' title='bbox 864 496 1042 548; x_wconf 75' lang='lat' dir='ltr'>FABULIS</span> <span class='ocrx_word' id='word_1_4' title='bbox 1068 497 1235 560; x_wconf 72' lang='lat' dir='ltr'>hDDl&#39;l&#39;A,</span> 
     </span>
    </p>
   </div>
   <div class='ocr_carea' id='block_1_2' title="bbox 362 639 1628 4203">
    <p class='ocr_par' dir='ltr' id='par_1_2' title="bbox 362 639 1568 2583">
     <span class='ocr_line' id='line_1_2' title="bbox 363 639 1559 732; baseline -0.002 -19"><span class='ocrx_word' id='word_1_5' title='bbox 363 647 466 715; x_wconf 90' lang='lat' dir='ltr'>istius</span> <span class='ocrx_word' id='word_1_6' title='bbox 478 642 612 712; x_wconf 89' lang='lat' dir='ltr'>arboris</span> <span class='ocrx_word' id='word_1_7' title='bbox 627 639 824 722; x_wconf 80' lang='lat' dir='ltr'>dulcedine,</span> <span class='ocrx_word' id='word_1_8' title='bbox 842 641 1011 732; x_wconf 91' lang='lat' dir='ltr'>quoniam</span> <span class='ocrx_word' id='word_1_9' title='bbox 1026 641 1068 710; x_wconf 90' lang='lat' dir='ltr'>de</span> <span class='ocrx_word' id='word_1_10' title='bbox 1084 641 1201 710; x_wconf 87' lang='lat' dir='ltr'>fructu</span> <span class='ocrx_word' id='word_1_11' title='bbox 1216 642 1294 710; x_wconf 92' lang='lat' dir='ltr'>eius</span> <span class='ocrx_word' id='word_1_12' title='bbox 1310 642 1517 711; x_wconf 87' lang='lat' dir='ltr'>reficiuntur</span> <span class='ocrx_word' id='word_1_13' title='bbox 1530 651 1559 712; x_wconf 89' lang='lat' dir='ltr'>et</span> 
     </span>
     <span class='ocr_line' id='line_1_3' title="bbox 363 756 1561 849; baseline -0.003 -20"><span class='ocrx_word' id='word_1_14' title='bbox 363 760 429 829; x_wconf 89' lang='lat' dir='ltr'>sub</span> <span class='ocrx_word' id='word_1_15' title='bbox 453 757 577 827; x_wconf 91' lang='lat' dir='ltr'>vmbra</span> <span class='ocrx_word' id='word_1_16' title='bbox 600 758 677 825; x_wconf 89' lang='lat' dir='ltr'>eius</span> <span class='ocrx_word' id='word_1_17' title='bbox 698 757 924 846; x_wconf 88' lang='lat' dir='ltr'>requiescunt</span> <span class='ocrx_word' id='word_1_18' title='bbox 951 763 984 824; x_wconf 89' lang='lat' dir='ltr'>et</span> <span class='ocrx_word' id='word_1_19' title='bbox 1007 757 1115 825; x_wconf 87' lang='lat' dir='ltr'>ramis</span> <span class='ocrx_word' id='word_1_20' title='bbox 1140 756 1215 825; x_wconf 89' lang='lat' dir='ltr'>eius</span> <span class='ocrx_word' id='word_1_21' title='bbox 1238 762 1486 849; x_wconf 84' lang='lat' dir='ltr'>proteguntur.</span> <span class='ocrx_word' id='word_1_22' title='bbox 1508 759 1561 826; x_wconf 90' lang='lat' dir='ltr'>Est</span> 
     </span>
     <span class='ocr_line' id='line_1_4' title="bbox 362 871 1561 965; baseline -0.003 -20"><span class='ocrx_word' id='word_1_23' title='bbox 362 882 481 945; x_wconf 91' lang='lat' dir='ltr'>autem</span> <span class='ocrx_word' id='word_1_24' title='bbox 510 873 620 941; x_wconf 90' lang='lat' dir='ltr'>Draco</span> <span class='ocrx_word' id='word_1_25' title='bbox 650 871 802 940; x_wconf 87' lang='lat' dir='ltr'>crudelis</span> <span class='ocrx_word' id='word_1_26' title='bbox 832 871 1000 940; x_wconf 91' lang='lat' dir='ltr'>inimicus</span> <span class='ocrx_word' id='word_1_27' title='bbox 1032 871 1296 957; x_wconf 86' lang='lat' dir='ltr'>Columbarum,</span> <span class='ocrx_word' id='word_1_28' title='bbox 1326 880 1362 941; x_wconf 89' lang='lat' dir='ltr'>et</span> <span class='ocrx_word' id='word_1_29' title='bbox 1395 880 1561 965; x_wconf 89' lang='lat' dir='ltr'>quantum</span> 
     </span>
     <span class='ocr_line' id='line_1_5' title="bbox 363 987 1563 1079; baseline -0.003 -20"><span class='ocrx_word' id='word_1_30' title='bbox 363 988 531 1059; x_wconf 86' lang='lat' dir='ltr'>Columbo</span> <span class='ocrx_word' id='word_1_31' title='bbox 544 989 672 1056; x_wconf 88' lang='lat' dir='ltr'>timent</span> <span class='ocrx_word' id='word_1_32' title='bbox 682 988 888 1072; x_wconf 83' lang='lat' dir='ltr'><strong>Draconem,</strong></span> <span class='ocrx_word' id='word_1_33' title='bbox 898 988 1041 1079; x_wconf 86' lang='lat' dir='ltr'>fugiunt</span> <span class='ocrx_word' id='word_1_34' title='bbox 1055 987 1163 1071; x_wconf 89' lang='lat' dir='ltr'>abeo,</span> <span class='ocrx_word' id='word_1_35' title='bbox 1177 994 1319 1057; x_wconf 90' lang='lat' dir='ltr'>tantum</span> <span class='ocrx_word' id='word_1_36' title='bbox 1334 989 1448 1058; x_wconf 81' lang='lat' dir='ltr'>Draco</span> <span class='ocrx_word' id='word_1_37' title='bbox 1462 990 1563 1057; x_wconf 86' lang='lat' dir='ltr'>euitat</span> 
     </span>
     <span class='ocr_line' id='line_1_6' title="bbox 364 1101 1561 1197; baseline -0.003 -23"><span class='ocrx_word' id='word_1_38' title='bbox 364 1114 399 1175; x_wconf 89' lang='lat' dir='ltr'>et</span> <span class='ocrx_word' id='word_1_39' title='bbox 418 1104 633 1197; x_wconf 80' lang='lat' dir='ltr'>pertimescit</span> <span class='ocrx_word' id='word_1_40' title='bbox 654 1102 752 1170; x_wconf 91' lang='lat' dir='ltr'>illam</span> <span class='ocrx_word' id='word_1_41' title='bbox 775 1101 948 1187; x_wconf 84' lang='lat' dir='ltr'>arborem,</span> <span class='ocrx_word' id='word_1_42' title='bbox 971 1104 1020 1171; x_wconf 90' lang='lat' dir='ltr'>ita</span> <span class='ocrx_word' id='word_1_43' title='bbox 1043 1110 1081 1171; x_wconf 90' lang='lat' dir='ltr'>vt</span> <span class='ocrx_word' id='word_1_44' title='bbox 1104 1104 1227 1174; x_wconf 86' lang='lat' dir='ltr'>vmbre</span> <span class='ocrx_word' id='word_1_45' title='bbox 1252 1104 1352 1174; x_wconf 88' lang='lat' dir='ltr'>illius</span> <span class='ocrx_word' id='word_1_46' title='bbox 1376 1107 1561 1197; x_wconf 86' lang='lat' dir='ltr'>appropin-</span> 
     </span>
     <span class='ocr_line' id='line_1_7' title="bbox 363 1218 1562 1313; baseline -0.002 -23"><span class='ocrx_word' id='word_1_47' title='bbox 363 1245 472 1313; x_wconf 86' lang='lat' dir='ltr'>quare</span> <span class='ocrx_word' id='word_1_48' title='bbox 491 1243 563 1289; x_wconf 95' lang='lat' dir='ltr'>non</span> <span class='ocrx_word' id='word_1_49' title='bbox 584 1220 629 1286; x_wconf 90' lang='lat' dir='ltr'>sit</span> <span class='ocrx_word' id='word_1_50' title='bbox 643 1242 763 1287; x_wconf 89' lang='lat' dir='ltr'>ausus.</span> <span class='ocrx_word' id='word_1_51' title='bbox 781 1218 851 1301; x_wconf 89' lang='lat' dir='ltr'>Set,</span> <span class='ocrx_word' id='word_1_52' title='bbox 869 1218 954 1286; x_wconf 93' lang='lat' dir='ltr'>dum</span> <span class='ocrx_word' id='word_1_53' title='bbox 971 1219 1030 1287; x_wconf 90' lang='lat' dir='ltr'>ille</span> <span class='ocrx_word' id='word_1_54' title='bbox 1045 1220 1155 1288; x_wconf 82' lang='lat' dir='ltr'>Draco</span> <span class='ocrx_word' id='word_1_55' title='bbox 1172 1219 1361 1289; x_wconf 89' lang='lat' dir='ltr'>insidiatur</span> <span class='ocrx_word' id='word_1_56' title='bbox 1375 1220 1562 1303; x_wconf 90' lang='lat' dir='ltr'>Columbis,</span> 
     </span>
     <span class='ocr_line' id='line_1_8' title="bbox 364 1334 1564 1427; baseline -0.001 -21"><span class='ocrx_word' id='word_1_57' title='bbox 364 1345 403 1407; x_wconf 87' lang='lat' dir='ltr'>vt</span> <span class='ocrx_word' id='word_1_58' title='bbox 423 1338 577 1427; x_wconf 83' lang='lat' dir='ltr'>aliquem</span> <span class='ocrx_word' id='word_1_59' title='bbox 598 1334 672 1424; x_wconf 85' lang='lat' dir='ltr'>(sic)</span> <span class='ocrx_word' id='word_1_60' title='bbox 697 1334 840 1402; x_wconf 92' lang='lat' dir='ltr'>illarum</span> <span class='ocrx_word' id='word_1_61' title='bbox 862 1335 986 1425; x_wconf 90' lang='lat' dir='ltr'>rapiat,</span> <span class='ocrx_word' id='word_1_62' title='bbox 1004 1335 1203 1404; x_wconf 82' lang='lat' dir='ltr'>considerat</span> <span class='ocrx_word' id='word_1_63' title='bbox 1222 1336 1323 1404; x_wconf 91' lang='lat' dir='ltr'>illam</span> <span class='ocrx_word' id='word_1_64' title='bbox 1341 1336 1506 1406; x_wconf 84' lang='lat' dir='ltr'>arborem</span> <span class='ocrx_word' id='word_1_65' title='bbox 1527 1336 1564 1405; x_wconf 89' lang='lat' dir='ltr'>dc</span> 
     </span>
     <span class='ocr_line' id='line_1_9' title="bbox 365 1450 1565 1545; baseline -0.003 -23"><span class='ocrx_word' id='word_1_66' title='bbox 365 1455 480 1545; x_wconf 84' lang='lat' dir='ltr'>longe.</span> <span class='ocrx_word' id='word_1_67' title='bbox 491 1453 527 1520; x_wconf 91' lang='lat' dir='ltr'>Si</span> <span class='ocrx_word' id='word_1_68' title='bbox 540 1450 661 1518; x_wconf 88' lang='lat' dir='ltr'>vmbra</span> <span class='ocrx_word' id='word_1_69' title='bbox 673 1450 771 1518; x_wconf 92' lang='lat' dir='ltr'>illius</span> <span class='ocrx_word' id='word_1_70' title='bbox 784 1450 890 1517; x_wconf 85' lang='lat' dir='ltr'>fuerit</span> <span class='ocrx_word' id='word_1_71' title='bbox 904 1451 941 1518; x_wconf 93' lang='lat' dir='ltr'>in</span> <span class='ocrx_word' id='word_1_72' title='bbox 955 1450 1099 1520; x_wconf 86' lang='lat' dir='ltr'>dextera</span> <span class='ocrx_word' id='word_1_73' title='bbox 1110 1458 1219 1542; x_wconf 86' lang='lat' dir='ltr'>parte,</span> <span class='ocrx_word' id='word_1_74' title='bbox 1233 1452 1295 1543; x_wconf 83' lang='lat' dir='ltr'>(ct)</span> <span class='ocrx_word' id='word_1_75' title='bbox 1308 1475 1345 1520; x_wconf 87' lang='lat' dir='ltr'>se</span> <span class='ocrx_word' id='word_1_76' title='bbox 1356 1451 1444 1521; x_wconf 86' lang='lat' dir='ltr'>lacit</span> <span class='ocrx_word' id='word_1_77' title='bbox 1459 1452 1517 1520; x_wconf 90' lang='lat' dir='ltr'>illc</span> <span class='ocrx_word' id='word_1_78' title='bbox 1533 1454 1565 1519; x_wconf 91' lang='lat' dir='ltr'>in</span> 
     </span>
     <span class='ocr_line' id='line_1_10' title="bbox 366 1565 1564 1658; baseline -0.001 -22"><span class='ocrx_word' id='word_1_79' title='bbox 366 1570 509 1636; x_wconf 90' lang='lat' dir='ltr'>sinistra</span> <span class='ocrx_word' id='word_1_80' title='bbox 528 1572 636 1656; x_wconf 90' lang='lat' dir='ltr'>parte.</span> <span class='ocrx_word' id='word_1_81' title='bbox 658 1565 695 1634; x_wconf 92' lang='lat' dir='ltr'>Si</span> <span class='ocrx_word' id='word_1_82' title='bbox 713 1572 831 1633; x_wconf 90' lang='lat' dir='ltr'>autem</span> <span class='ocrx_word' id='word_1_83' title='bbox 852 1566 958 1633; x_wconf 89' lang='lat' dir='ltr'>fuerit</span> <span class='ocrx_word' id='word_1_84' title='bbox 972 1566 1099 1634; x_wconf 93' lang='lat' dir='ltr'>umbra</span> <span class='ocrx_word' id='word_1_85' title='bbox 1118 1566 1216 1635; x_wconf 91' lang='lat' dir='ltr'>illius</span> <span class='ocrx_word' id='word_1_86' title='bbox 1237 1568 1274 1635; x_wconf 95' lang='lat' dir='ltr'>in</span> <span class='ocrx_word' id='word_1_87' title='bbox 1294 1574 1393 1658; x_wconf 88' lang='lat' dir='ltr'>parte</span> <span class='ocrx_word' id='word_1_88' title='bbox 1415 1570 1564 1649; x_wconf 86' lang='lat' dir='ltr'>sinistra,</span> 
     </span>
     <span class='ocr_line' id='line_1_11' title="bbox 366 1680 1566 1774; baseline 0.001 -23"><span class='ocrx_word' id='word_1_89' title='bbox 366 1684 486 1752; x_wconf 89' lang='lat' dir='ltr'>illese</span> <span class='ocrx_word' id='word_1_90' title='bbox 513 1682 659 1774; x_wconf 85' lang='lat' dir='ltr'>fugitet</span> <span class='ocrx_word' id='word_1_91' title='bbox 683 1704 718 1748; x_wconf 91' lang='lat' dir='ltr'>se</span> <span class='ocrx_word' id='word_1_92' title='bbox 743 1681 827 1749; x_wconf 88' lang='lat' dir='ltr'>facit</span> <span class='ocrx_word' id='word_1_93' title='bbox 848 1682 885 1748; x_wconf 92' lang='lat' dir='ltr'>in</span> <span class='ocrx_word' id='word_1_94' title='bbox 910 1680 1064 1750; x_wconf 85' lang='lat' dir='ltr'>dextera.</span> <span class='ocrx_word' id='word_1_95' title='bbox 1086 1681 1254 1752; x_wconf 87' lang='lat' dir='ltr'>Columbc</span> <span class='ocrx_word' id='word_1_96' title='bbox 1281 1689 1403 1752; x_wconf 89' lang='lat' dir='ltr'>autem</span> <span class='ocrx_word' id='word_1_97' title='bbox 1424 1683 1566 1753; x_wconf 86' lang='lat' dir='ltr'>scientes</span> 
     </span>
     <span class='ocr_line' id='line_1_12' title="bbox 367 1796 1565 1869; baseline 0 -2"><span class='ocrx_word' id='word_1_98' title='bbox 367 1799 553 1867; x_wconf 90' lang='lat' dir='ltr'>inimicum</span> <span class='ocrx_word' id='word_1_99' title='bbox 576 1818 680 1865; x_wconf 92' lang='lat' dir='ltr'>suum</span> <span class='ocrx_word' id='word_1_100' title='bbox 701 1796 895 1865; x_wconf 84' lang='lat' dir='ltr'>Draconem</span> <span class='ocrx_word' id='word_1_101' title='bbox 913 1797 1039 1865; x_wconf 86' lang='lat' dir='ltr'>timere</span> <span class='ocrx_word' id='word_1_102' title='bbox 1058 1797 1155 1867; x_wconf 92' lang='lat' dir='ltr'>illam</span> <span class='ocrx_word' id='word_1_103' title='bbox 1171 1798 1333 1867; x_wconf 85' lang='lat' dir='ltr'>arborem</span> <span class='ocrx_word' id='word_1_104' title='bbox 1356 1805 1392 1868; x_wconf 89' lang='lat' dir='ltr'>et</span> <span class='ocrx_word' id='word_1_105' title='bbox 1411 1799 1565 1869; x_wconf 87' lang='lat' dir='ltr'>vmbram</span> 
     </span>
     <span class='ocr_line' id='line_1_13' title="bbox 367 1912 1565 2005; baseline 0 -22"><span class='ocrx_word' id='word_1_106' title='bbox 367 1915 464 1983; x_wconf 92' lang='lat' dir='ltr'>illius</span> <span class='ocrx_word' id='word_1_107' title='bbox 488 1920 523 1982; x_wconf 90' lang='lat' dir='ltr'>et</span> <span class='ocrx_word' id='word_1_108' title='bbox 543 1934 614 1981; x_wconf 91' lang='lat' dir='ltr'>non</span> <span class='ocrx_word' id='word_1_109' title='bbox 634 1912 762 1980; x_wconf 89' lang='lat' dir='ltr'>leuiter</span> <span class='ocrx_word' id='word_1_110' title='bbox 783 1913 833 1979; x_wconf 90' lang='lat' dir='ltr'>eis</span> <span class='ocrx_word' id='word_1_111' title='bbox 857 1935 958 2002; x_wconf 88' lang='lat' dir='ltr'>posse</span> <span class='ocrx_word' id='word_1_112' title='bbox 982 1915 1277 2005; x_wconf 89' lang='lat' dir='ltr'>appropinquare,</span> <span class='ocrx_word' id='word_1_113' title='bbox 1299 1915 1378 1983; x_wconf 87' lang='lat' dir='ltr'>ideo</span> <span class='ocrx_word' id='word_1_114' title='bbox 1403 1914 1448 1985; x_wconf 89' lang='lat' dir='ltr'>ad</span> <span class='ocrx_word' id='word_1_115' title='bbox 1474 1916 1565 1984; x_wconf 90' lang='lat' dir='ltr'>illam</span> 
     </span>
     <span class='ocr_line' id='line_1_14' title="bbox 367 2026 1566 2121; baseline -0.002 -20"><span class='ocrx_word' id='word_1_116' title='bbox 367 2029 529 2102; x_wconf 89' lang='lat' dir='ltr'>arborem</span> <span class='ocrx_word' id='word_1_117' title='bbox 553 2029 776 2119; x_wconf 85' lang='lat' dir='ltr'>confugiunt,</span> <span class='ocrx_word' id='word_1_118' title='bbox 794 2034 828 2096; x_wconf 90' lang='lat' dir='ltr'>ct</span> <span class='ocrx_word' id='word_1_119' title='bbox 845 2026 894 2095; x_wconf 94' lang='lat' dir='ltr'>ibi</span> <span class='ocrx_word' id='word_1_120' title='bbox 918 2051 955 2096; x_wconf 91' lang='lat' dir='ltr'>se</span> <span class='ocrx_word' id='word_1_121' title='bbox 973 2028 1223 2098; x_wconf 91' lang='lat' dir='ltr'>commendant</span> <span class='ocrx_word' id='word_1_122' title='bbox 1236 2037 1275 2098; x_wconf 87' lang='lat' dir='ltr'>vt</span> <span class='ocrx_word' id='word_1_123' title='bbox 1293 2030 1388 2100; x_wconf 87' lang='lat' dir='ltr'>salui</span> <span class='ocrx_word' id='word_1_124' title='bbox 1409 2032 1483 2121; x_wconf 77' lang='lat' dir='ltr'>(sie)</span> <span class='ocrx_word' id='word_1_125' title='bbox 1498 2054 1566 2099; x_wconf 86' lang='lat' dir='ltr'>esso</span> 
     </span>
     <span class='ocr_line' id='line_1_15' title="bbox 368 2143 1567 2236; baseline 0.002 -22"><span class='ocrx_word' id='word_1_126' title='bbox 368 2147 504 2236; x_wconf 84' lang='lat' dir='ltr'>possint</span> <span class='ocrx_word' id='word_1_127' title='bbox 523 2143 566 2213; x_wconf 93' lang='lat' dir='ltr'>ab</span> <span class='ocrx_word' id='word_1_128' title='bbox 579 2143 720 2212; x_wconf 93' lang='lat' dir='ltr'>incidiis</span> <span class='ocrx_word' id='word_1_129' title='bbox 736 2143 812 2233; x_wconf 84' lang='lat' dir='ltr'>(sic)</span> <span class='ocrx_word' id='word_1_130' title='bbox 828 2143 1007 2212; x_wconf 87' lang='lat' dir='ltr'>Draconis.</span> <span class='ocrx_word' id='word_1_131' title='bbox 1022 2144 1113 2212; x_wconf 91' lang='lat' dir='ltr'>Dum</span> <span class='ocrx_word' id='word_1_132' title='bbox 1129 2167 1213 2236; x_wconf 85' lang='lat' dir='ltr'>ergo</span> <span class='ocrx_word' id='word_1_133' title='bbox 1228 2146 1266 2212; x_wconf 94' lang='lat' dir='ltr'>in</span> <span class='ocrx_word' id='word_1_134' title='bbox 1286 2145 1349 2214; x_wconf 92' lang='lat' dir='ltr'>illa</span> <span class='ocrx_word' id='word_1_135' title='bbox 1361 2147 1487 2216; x_wconf 86' lang='lat' dir='ltr'>arbore</span> <span class='ocrx_word' id='word_1_136' title='bbox 1500 2148 1567 2216; x_wconf 80' lang='lat' dir='ltr'>fue</span> 
     </span>
     <span class='ocr_line' id='line_1_16' title="bbox 371 2259 1568 2354; baseline 0.004 -26"><span class='ocrx_word' id='word_1_137' title='bbox 371 2263 444 2330; x_wconf 92' lang='lat' dir='ltr'>rint</span> <span class='ocrx_word' id='word_1_138' title='bbox 471 2266 505 2330; x_wconf 90' lang='lat' dir='ltr'>et</span> <span class='ocrx_word' id='word_1_139' title='bbox 532 2261 568 2328; x_wconf 94' lang='lat' dir='ltr'>in</span> <span class='ocrx_word' id='word_1_140' title='bbox 594 2261 669 2351; x_wconf 90' lang='lat' dir='ltr'>ipsa</span> <span class='ocrx_word' id='word_1_141' title='bbox 692 2259 947 2343; x_wconf 76' lang='lat' dir='ltr'>continuerint,</span> <span class='ocrx_word' id='word_1_142' title='bbox 973 2259 1073 2327; x_wconf 91' lang='lat' dir='ltr'>nullo</span> <span class='ocrx_word' id='word_1_143' title='bbox 1103 2260 1207 2329; x_wconf 91' lang='lat' dir='ltr'>modo</span> <span class='ocrx_word' id='word_1_144' title='bbox 1232 2268 1346 2352; x_wconf 87' lang='lat' dir='ltr'>potest</span> <span class='ocrx_word' id='word_1_145' title='bbox 1370 2285 1432 2331; x_wconf 83' lang='lat' dir='ltr'>eas</span> <span class='ocrx_word' id='word_1_146' title='bbox 1453 2286 1568 2354; x_wconf 82' lang='lat' dir='ltr'>capere</span> 
     </span>
     <span class='ocr_line' id='line_1_17' title="bbox 371 2374 1568 2470; baseline 0.003 -25"><span class='ocrx_word' id='word_1_147' title='bbox 371 2377 493 2446; x_wconf 87' lang='lat' dir='ltr'>Draco.</span> <span class='ocrx_word' id='word_1_148' title='bbox 511 2376 547 2445; x_wconf 91' lang='lat' dir='ltr'>Si</span> <span class='ocrx_word' id='word_1_149' title='bbox 572 2382 691 2444; x_wconf 88' lang='lat' dir='ltr'>autem</span> <span class='ocrx_word' id='word_1_150' title='bbox 712 2374 892 2443; x_wconf 88' lang='lat' dir='ltr'>inuenerit</span> <span class='ocrx_word' id='word_1_151' title='bbox 909 2374 1066 2465; x_wconf 92' lang='lat' dir='ltr'>aliquam</span> <span class='ocrx_word' id='word_1_152' title='bbox 1086 2398 1128 2443; x_wconf 87' lang='lat' dir='ltr'>ex</span> <span class='ocrx_word' id='word_1_153' title='bbox 1148 2377 1199 2445; x_wconf 90' lang='lat' dir='ltr'>eis</span> <span class='ocrx_word' id='word_1_154' title='bbox 1218 2385 1440 2470; x_wconf 80' lang='lat' dir='ltr'>segregatam</span> <span class='ocrx_word' id='word_1_155' title='bbox 1460 2379 1504 2448; x_wconf 91' lang='lat' dir='ltr'>ab</span> <span class='ocrx_word' id='word_1_156' title='bbox 1523 2402 1568 2448; x_wconf 91' lang='lat' dir='ltr'>ar·</span> 
     </span>
     <span class='ocr_line' id='line_1_18' title="bbox 369 2489 1567 2583; baseline 0.002 -23"><span class='ocrx_word' id='word_1_157' title='bbox 369 2491 453 2561; x_wconf 90' lang='lat' dir='ltr'>bore</span> <span class='ocrx_word' id='word_1_158' title='bbox 468 2491 524 2560; x_wconf 88' lang='lat' dir='ltr'>vel</span> <span class='ocrx_word' id='word_1_159' title='bbox 539 2498 637 2560; x_wconf 85' lang='lat' dir='ltr'>extra</span> <span class='ocrx_word' id='word_1_160' title='bbox 647 2489 809 2558; x_wconf 90' lang='lat' dir='ltr'>vmbram</span> <span class='ocrx_word' id='word_1_161' title='bbox 825 2489 934 2572; x_wconf 89' lang='lat' dir='ltr'>illius,</span> <span class='ocrx_word' id='word_1_162' title='bbox 945 2491 1063 2558; x_wconf 86' lang='lat' dir='ltr'>statim</span> <span class='ocrx_word' id='word_1_163' title='bbox 1075 2514 1157 2559; x_wconf 87' lang='lat' dir='ltr'>cum</span> <span class='ocrx_word' id='word_1_164' title='bbox 1169 2491 1245 2582; x_wconf 78' lang='lat' dir='ltr'>(cic)</span> <span class='ocrx_word' id='word_1_165' title='bbox 1262 2495 1353 2583; x_wconf 91' lang='lat' dir='ltr'>rapit</span> <span class='ocrx_word' id='word_1_166' title='bbox 1369 2499 1406 2562; x_wconf 85' lang='lat' dir='ltr'>et</span> <span class='ocrx_word' id='word_1_167' title='bbox 1418 2494 1567 2564; x_wconf 80' lang='lat' dir='ltr'>deuoret.</span> 
     </span>
    </p>

    <p class='ocr_par' dir='ltr' id='par_1_3' title="bbox 370 2605 1628 4203">
     <span class='ocr_line' id='line_1_19' title="bbox 435 2605 1569 2702; baseline 0.002 -26"><span class='ocrx_word' id='word_1_168' title='bbox 435 2607 582 2677; x_wconf 82' lang='lat' dir='ltr'>Mictice.</span> <span class='ocrx_word' id='word_1_169' title='bbox 604 2607 676 2674; x_wconf 89' lang='lat' dir='ltr'>Nos</span> <span class='ocrx_word' id='word_1_170' title='bbox 703 2628 797 2696; x_wconf 84' lang='lat' dir='ltr'>erge,</span> <span class='ocrx_word' id='word_1_171' title='bbox 826 2605 1031 2690; x_wconf 85' lang='lat' dir='ltr'>Christiani,</span> <span class='ocrx_word' id='word_1_172' title='bbox 1059 2607 1214 2694; x_wconf 87' lang='lat' dir='ltr'>scientes</span> <span class='ocrx_word' id='word_1_173' title='bbox 1239 2607 1403 2679; x_wconf 89' lang='lat' dir='ltr'>arborem</span> <span class='ocrx_word' id='word_1_174' title='bbox 1428 2633 1497 2702; x_wconf 88' lang='lat' dir='ltr'>que</span> <span class='ocrx_word' id='word_1_175' title='bbox 1525 2620 1569 2679; x_wconf 88' lang='lat' dir='ltr'>cst</span> 
     </span>
     <span class='ocr_line' id='line_1_20' title="bbox 371 2721 1570 2817; baseline 0.003 -25"><span class='ocrx_word' id='word_1_176' title='bbox 371 2723 578 2806; x_wconf 86' lang='lat' dir='ltr'>Peredixon,</span> <span class='ocrx_word' id='word_1_177' title='bbox 603 2722 695 2790; x_wconf 88' lang='lat' dir='ltr'>circa</span> <span class='ocrx_word' id='word_1_178' title='bbox 719 2743 825 2811; x_wconf 89' lang='lat' dir='ltr'>quam</span> <span class='ocrx_word' id='word_1_179' title='bbox 852 2722 972 2789; x_wconf 88' lang='lat' dir='ltr'>omnia</span> <span class='ocrx_word' id='word_1_180' title='bbox 996 2721 1137 2790; x_wconf 84' lang='lat' dir='ltr'>dextera</span> <span class='ocrx_word' id='word_1_181' title='bbox 1157 2729 1252 2806; x_wconf 87' lang='lat' dir='ltr'>sunt,</span> <span class='ocrx_word' id='word_1_182' title='bbox 1273 2724 1459 2817; x_wconf 91' lang='lat' dir='ltr'>nichilque</span> <span class='ocrx_word' id='word_1_183' title='bbox 1478 2728 1515 2794; x_wconf 94' lang='lat' dir='ltr'>in</span> <span class='ocrx_word' id='word_1_184' title='bbox 1536 2749 1570 2794; x_wconf 78' lang='lat' dir='ltr'>ca</span> 
     </span>
     <span class='ocr_line' id='line_1_21' title="bbox 370 2837 1571 2932; baseline 0.002 -24"><span class='ocrx_word' id='word_1_185' title='bbox 370 2841 575 2921; x_wconf 89' lang='lat' dir='ltr'>sinistrum;</span> <span class='ocrx_word' id='word_1_186' title='bbox 597 2837 741 2906; x_wconf 84' lang='lat' dir='ltr'>dextera</span> <span class='ocrx_word' id='word_1_187' title='bbox 754 2841 871 2904; x_wconf 86' lang='lat' dir='ltr'>autem</span> <span class='ocrx_word' id='word_1_188' title='bbox 889 2838 966 2905; x_wconf 86' lang='lat' dir='ltr'>cius</span> <span class='ocrx_word' id='word_1_189' title='bbox 987 2844 1041 2905; x_wconf 88' lang='lat' dir='ltr'>est</span> <span class='ocrx_word' id='word_1_190' title='bbox 1058 2839 1271 2929; x_wconf 83' lang='lat' dir='ltr'>Vnigenitus</span> <span class='ocrx_word' id='word_1_191' title='bbox 1289 2839 1368 2923; x_wconf 86' lang='lat' dir='ltr'>Dei,</span> <span class='ocrx_word' id='word_1_192' title='bbox 1387 2842 1481 2910; x_wconf 93' lang='lat' dir='ltr'>sicut</span> <span class='ocrx_word' id='word_1_193' title='bbox 1503 2843 1571 2932; x_wconf 88' lang='lat' dir='ltr'>ipsc</span> 
     </span>
     <span class='ocr_line' id='line_1_22' title="bbox 371 2946 1628 3045; baseline 0.002 -23"><span class='ocrx_word' id='word_1_194' title='bbox 371 2956 542 3023; x_wconf 93' lang='lat' dir='ltr'>Dominus</span> <span class='ocrx_word' id='word_1_195' title='bbox 553 2955 617 3033; x_wconf 85' lang='lat' dir='ltr'>ait;</span> <span class='ocrx_word' id='word_1_196' title='bbox 631 2953 796 3020; x_wconf 87' lang='lat' dir='ltr'>defructu</span> <span class='ocrx_word' id='word_1_197' title='bbox 813 2955 908 3020; x_wconf 92' lang='lat' dir='ltr'>enim</span> <span class='ocrx_word' id='word_1_198' title='bbox 925 2953 1029 3021; x_wconf 83' lang='lat' dir='ltr'>arbor</span> <span class='ocrx_word' id='word_1_199' title='bbox 1042 2957 1267 3045; x_wconf 82' lang='lat' dir='ltr'>cognoscitur</span> <span class='ocrx_word' id='word_1_200' title='bbox 1279 2956 1339 3045; x_wconf 78' lang='lat'>(1).</span> <span class='ocrx_word' id='word_1_201' title='bbox 1351 2957 1571 3026; x_wconf 83' lang='lat' dir='ltr'>Vmbravero</span> <span class='ocrx_word' id='word_1_202' title='bbox 1623 2946 1628 2959; x_wconf 69' lang='grc'><strong>’</strong></span> 
     </span>
     <span class='ocr_line' id='line_1_23' title="bbox 371 3068 1571 3165; baseline 0.003 -27"><span class='ocrx_word' id='word_1_203' title='bbox 371 3071 506 3138; x_wconf 87' lang='lat' dir='ltr'>arboris</span> <span class='ocrx_word' id='word_1_204' title='bbox 521 3076 574 3136; x_wconf 91' lang='lat' dir='ltr'>est</span> <span class='ocrx_word' id='word_1_205' title='bbox 592 3070 743 3158; x_wconf 86' lang='lat' dir='ltr'>Spiritus</span> <span class='ocrx_word' id='word_1_206' title='bbox 763 3076 917 3136; x_wconf 86' lang='lat' dir='ltr'>sanetus.</span> <span class='ocrx_word' id='word_1_207' title='bbox 934 3068 980 3135; x_wconf 88' lang='lat' dir='ltr'>Vt</span> <span class='ocrx_word' id='word_1_208' title='bbox 999 3068 1084 3137; x_wconf 91' lang='lat' dir='ltr'>dicit</span> <span class='ocrx_word' id='word_1_209' title='bbox 1098 3070 1245 3160; x_wconf 86' lang='lat' dir='ltr'>angelus</span> <span class='ocrx_word' id='word_1_210' title='bbox 1265 3070 1363 3139; x_wconf 90' lang='lat' dir='ltr'>beate</span> <span class='ocrx_word' id='word_1_211' title='bbox 1385 3074 1495 3142; x_wconf 87' lang='lat' dir='ltr'>blarie</span> <span class='ocrx_word' id='word_1_212' title='bbox 1515 3076 1571 3165; x_wconf 71' lang='lat'>(2),</span> 
     </span>
     <span class='ocr_line' id='line_1_24' title="bbox 371 3185 1572 3276; baseline 0.003 -23"><span class='ocrx_word' id='word_1_213' title='bbox 371 3186 523 3276; x_wconf 88' lang='lat' dir='ltr'>Spiritus</span> <span class='ocrx_word' id='word_1_214' title='bbox 546 3191 688 3251; x_wconf 88' lang='lat' dir='ltr'>sanctus</span> <span class='ocrx_word' id='word_1_215' title='bbox 708 3185 934 3273; x_wconf 74' lang='lat' dir='ltr'>superueniet</span> <span class='ocrx_word' id='word_1_216' title='bbox 953 3185 988 3250; x_wconf 89' lang='lat' dir='ltr'>in</span> <span class='ocrx_word' id='word_1_217' title='bbox 1012 3192 1057 3267; x_wconf 88' lang='lat' dir='ltr'>te,</span> <span class='ocrx_word' id='word_1_218' title='bbox 1075 3191 1139 3253; x_wconf 90' lang='lat' dir='ltr'>etc.</span> <span class='ocrx_word' id='word_1_219' title='bbox 1162 3185 1329 3255; x_wconf 86' lang='lat' dir='ltr'>Columba</span> <span class='ocrx_word' id='word_1_220' title='bbox 1349 3196 1437 3258; x_wconf 91' lang='lat' dir='ltr'>sunt</span> <span class='ocrx_word' id='word_1_221' title='bbox 1459 3214 1572 3258; x_wconf 86' lang='lat' dir='ltr'>omnes</span> 
     </span>
     <span class='ocr_line' id='line_1_25' title="bbox 371 3300 1573 3395; baseline 0.002 -27"><span class='ocrx_word' id='word_1_222' title='bbox 371 3300 504 3384; x_wconf 86' lang='lat' dir='ltr'>fideles,</span> <span class='ocrx_word' id='word_1_223' title='bbox 525 3301 615 3367; x_wconf 89' lang='lat' dir='ltr'>sicut</span> <span class='ocrx_word' id='word_1_224' title='bbox 631 3307 777 3367; x_wconf 88' lang='lat' dir='ltr'>testatur</span> <span class='ocrx_word' id='word_1_225' title='bbox 795 3301 830 3367; x_wconf 92' lang='lat' dir='ltr'>in</span> <span class='ocrx_word' id='word_1_226' title='bbox 847 3300 1040 3390; x_wconf 82' lang='lat' dir='ltr'>Euangelio</span> <span class='ocrx_word' id='word_1_227' title='bbox 1061 3301 1121 3391; x_wconf 76' lang='lat'>(3).</span> <span class='ocrx_word' id='word_1_228' title='bbox 1145 3301 1261 3369; x_wconf 88' lang='lat' dir='ltr'>Estote</span> <span class='ocrx_word' id='word_1_229' title='bbox 1286 3325 1369 3395; x_wconf 80' lang='lat' dir='ltr'>crgo</span> <span class='ocrx_word' id='word_1_230' title='bbox 1391 3306 1573 3394; x_wconf 88' lang='lat' dir='ltr'>prudentes</span> 
     </span>
     <span class='ocr_line' id='line_1_26' title="bbox 373 3415 1572 3505; baseline 0.004 -21"><span class='ocrx_word' id='word_1_231' title='bbox 373 3419 464 3485; x_wconf 91' lang='lat' dir='ltr'>sicut</span> <span class='ocrx_word' id='word_1_232' title='bbox 474 3423 652 3505; x_wconf 86' lang='lat' dir='ltr'>serpentes</span> <span class='ocrx_word' id='word_1_233' title='bbox 666 3423 700 3482; x_wconf 91' lang='lat' dir='ltr'>et</span> <span class='ocrx_word' id='word_1_234' title='bbox 714 3417 892 3504; x_wconf 88' lang='lat' dir='ltr'>simplices</span> <span class='ocrx_word' id='word_1_235' title='bbox 910 3415 982 3504; x_wconf 68' lang='lat' dir='ltr'>(fol.</span> <span class='ocrx_word' id='word_1_236' title='bbox 997 3417 1052 3503; x_wconf 85' lang='lat'>30)</span> <span class='ocrx_word' id='word_1_237' title='bbox 1068 3418 1160 3484; x_wconf 91' lang='lat' dir='ltr'>sicut</span> <span class='ocrx_word' id='word_1_238' title='bbox 1175 3417 1353 3501; x_wconf 90' lang='lat' dir='ltr'>columbe;</span> <span class='ocrx_word' id='word_1_239' title='bbox 1366 3424 1476 3489; x_wconf 88' lang='lat' dir='ltr'>astuti</span> <span class='ocrx_word' id='word_1_240' title='bbox 1493 3425 1572 3491; x_wconf 88' lang='lat' dir='ltr'>sicut</span> 
     </span>
     <span class='ocr_line' id='line_1_27' title="bbox 374 3530 1573 3622; baseline 0.006 -23"><span class='ocrx_word' id='word_1_241' title='bbox 374 3538 564 3622; x_wconf 87' lang='lat' dir='ltr'>serpentes,</span> <span class='ocrx_word' id='word_1_242' title='bbox 589 3554 633 3598; x_wconf 93' lang='lat' dir='ltr'>ne</span> <span class='ocrx_word' id='word_1_243' title='bbox 657 3531 782 3598; x_wconf 90' lang='lat' dir='ltr'>alienis</span> <span class='ocrx_word' id='word_1_244' title='bbox 804 3530 944 3621; x_wconf 86' lang='lat' dir='ltr'>iusidijs</span> <span class='ocrx_word' id='word_1_245' title='bbox 962 3532 1252 3620; x_wconf 89' lang='lat' dir='ltr'>supplantcmini,</span> <span class='ocrx_word' id='word_1_246' title='bbox 1277 3541 1311 3601; x_wconf 91' lang='lat' dir='ltr'>et</span> <span class='ocrx_word' id='word_1_247' title='bbox 1335 3543 1448 3605; x_wconf 85' lang='lat' dir='ltr'>estote</span> <span class='ocrx_word' id='word_1_248' title='bbox 1470 3546 1505 3604; x_wconf 75' lang='lat' dir='ltr'>rt</span> <span class='ocrx_word' id='word_1_249' title='bbox 1528 3564 1573 3606; x_wconf 84' lang='lat' dir='ltr'>co·</span> 
     </span>
     <span class='ocr_line' id='line_1_28' title="bbox 376 3646 1573 3736; baseline 0.003 -21"><span class='ocrx_word' id='word_1_250' title='bbox 376 3648 495 3715; x_wconf 87' lang='lat' dir='ltr'>lumbe</span> <span class='ocrx_word' id='word_1_251' title='bbox 511 3647 699 3736; x_wconf 87' lang='lat' dir='ltr'>simplices,</span> <span class='ocrx_word' id='word_1_252' title='bbox 722 3670 765 3713; x_wconf 91' lang='lat' dir='ltr'>ne</span> <span class='ocrx_word' id='word_1_253' title='bbox 786 3648 950 3736; x_wconf 84' lang='lat' dir='ltr'>cuiquam</span> <span class='ocrx_word' id='word_1_254' title='bbox 973 3646 1226 3714; x_wconf 88' lang='lat' dir='ltr'>machinamini</span> <span class='ocrx_word' id='word_1_255' title='bbox 1244 3649 1280 3715; x_wconf 94' lang='lat' dir='ltr'>in</span> <span class='ocrx_word' id='word_1_256' title='bbox 1300 3648 1415 3719; x_wconf 87' lang='lat' dir='ltr'>dolos.</span> <span class='ocrx_word' id='word_1_257' title='bbox 1433 3654 1573 3722; x_wconf 75' lang='lat' dir='ltr'>Attendc</span> 
     </span>
     <span class='ocr_line' id='line_1_29' title="bbox 378 3760 1573 3855; baseline 0.003 -24"><span class='ocrx_word' id='word_1_258' title='bbox 378 3787 460 3855; x_wconf 83' lang='lat' dir='ltr'>crgo</span> <span class='ocrx_word' id='word_1_259' title='bbox 477 3785 613 3851; x_wconf 91' lang='lat' dir='ltr'>semper</span> <span class='ocrx_word' id='word_1_260' title='bbox 632 3763 708 3843; x_wconf 91' lang='lat' dir='ltr'>tibi,</span> <span class='ocrx_word' id='word_1_261' title='bbox 727 3760 832 3842; x_wconf 71' lang='lat' dir='ltr'>honlo</span> <span class='ocrx_word' id='word_1_262' title='bbox 854 3762 928 3842; x_wconf 83' lang='lat' dir='ltr'>Dei,</span> <span class='ocrx_word' id='word_1_263' title='bbox 946 3768 980 3828; x_wconf 89' lang='lat' dir='ltr'>et</span> <span class='ocrx_word' id='word_1_264' title='bbox 1001 3785 1166 3851; x_wconf 84' lang='lat' dir='ltr'>permane</span> <span class='ocrx_word' id='word_1_265' title='bbox 1183 3765 1218 3830; x_wconf 94' lang='lat' dir='ltr'>in</span> <span class='ocrx_word' id='word_1_266' title='bbox 1238 3764 1305 3831; x_wconf 87' lang='lat' dir='ltr'>fide</span> <span class='ocrx_word' id='word_1_267' title='bbox 1321 3770 1528 3855; x_wconf 87' lang='lat' dir='ltr'>apostolica,</span> <span class='ocrx_word' id='word_1_268' title='bbox 1548 3777 1573 3836; x_wconf 87' lang='lat' dir='ltr'>ct</span> 
     </span>
     <span class='ocr_line' id='line_1_30' title="bbox 379 3877 1574 3969; baseline 0.003 -23"><span class='ocrx_word' id='word_1_269' title='bbox 379 3881 425 3946; x_wconf 91' lang='lat' dir='ltr'>ibi</span> <span class='ocrx_word' id='word_1_270' title='bbox 442 3886 475 3947; x_wconf 88' lang='lat' dir='ltr'>tc</span> <span class='ocrx_word' id='word_1_271' title='bbox 495 3879 648 3958; x_wconf 91' lang='lat' dir='ltr'>contine,</span> <span class='ocrx_word' id='word_1_272' title='bbox 668 3878 715 3945; x_wconf 93' lang='lat' dir='ltr'>ibi</span> <span class='ocrx_word' id='word_1_273' title='bbox 732 3899 960 3959; x_wconf 84' lang='lat' dir='ltr'>commorare,</span> <span class='ocrx_word' id='word_1_274' title='bbox 978 3877 1025 3944; x_wconf 92' lang='lat' dir='ltr'>ibi</span> <span class='ocrx_word' id='word_1_275' title='bbox 1048 3877 1178 3959; x_wconf 89' lang='lat' dir='ltr'>habita,</span> <span class='ocrx_word' id='word_1_276' title='bbox 1194 3878 1240 3945; x_wconf 90' lang='lat' dir='ltr'>ibi</span> <span class='ocrx_word' id='word_1_277' title='bbox 1257 3903 1448 3969; x_wconf 86' lang='lat' dir='ltr'>perseuera</span> <span class='ocrx_word' id='word_1_278' title='bbox 1464 3886 1501 3953; x_wconf 91' lang='lat' dir='ltr'>in</span> <span class='ocrx_word' id='word_1_279' title='bbox 1517 3906 1574 3953; x_wconf 75' lang='lat' dir='ltr'>vna</span> 
     </span>
     <span class='ocr_line' id='line_1_31' title="bbox 379 3993 1572 4082; baseline 0.007 -22"><span class='ocrx_word' id='word_1_280' title='bbox 379 3995 445 4061; x_wconf 86' lang='lat' dir='ltr'>srdc</span> <span class='ocrx_word' id='word_1_281' title='bbox 463 3995 574 4062; x_wconf 86' lang='lat' dir='ltr'>Patris</span> <span class='ocrx_word' id='word_1_282' title='bbox 594 4000 628 4060; x_wconf 92' lang='lat' dir='ltr'>et</span> <span class='ocrx_word' id='word_1_283' title='bbox 650 3993 732 4060; x_wconf 83' lang='lat' dir='ltr'>Filii</span> <span class='ocrx_word' id='word_1_284' title='bbox 752 4000 784 4059; x_wconf 92' lang='lat' dir='ltr'>ct</span> <span class='ocrx_word' id='word_1_285' title='bbox 808 3993 960 4082; x_wconf 85' lang='lat' dir='ltr'>Spiritus</span> <span class='ocrx_word' id='word_1_286' title='bbox 980 3995 1104 4076; x_wconf 89' lang='lat' dir='ltr'>sancti,</span> <span class='ocrx_word' id='word_1_287' title='bbox 1122 4001 1157 4060; x_wconf 90' lang='lat' dir='ltr'>et</span> <span class='ocrx_word' id='word_1_288' title='bbox 1178 3995 1215 4062; x_wconf 94' lang='lat' dir='ltr'>in</span> <span class='ocrx_word' id='word_1_289' title='bbox 1229 3994 1379 4065; x_wconf 85' lang='lat' dir='ltr'>ecclesia</span> <span class='ocrx_word' id='word_1_290' title='bbox 1401 4000 1572 4076; x_wconf 87' lang='lat' dir='ltr'>catholica,</span> 
     </span>
     <span class='ocr_line' id='line_1_32' title="bbox 384 4109 1573 4203; baseline 0.008 -29"><span class='ocrx_word' id='word_1_291' title='bbox 384 4109 568 4177; x_wconf 83' lang='lat' dir='ltr'>sicutdieit</span> <span class='ocrx_word' id='word_1_292' title='bbox 578 4132 674 4176; x_wconf 87' lang='lat' dir='ltr'>sacra</span> <span class='ocrx_word' id='word_1_293' title='bbox 683 4109 910 4197; x_wconf 66' lang='lat' dir='ltr'>scripturali}</span> <span class='ocrx_word' id='word_1_294' title='bbox 922 4130 928 4176; x_wconf 94' lang='lat'><strong>:</strong></span> <span class='ocrx_word' id='word_1_295' title='bbox 939 4109 1024 4176; x_wconf 86' lang='lat' dir='ltr'>Ecce</span> <span class='ocrx_word' id='word_1_296' title='bbox 1037 4132 1142 4198; x_wconf 85' lang='lat' dir='ltr'>quam</span> <span class='ocrx_word' id='word_1_297' title='bbox 1157 4110 1288 4178; x_wconf 92' lang='lat' dir='ltr'>bonum</span> <span class='ocrx_word' id='word_1_298' title='bbox 1302 4118 1335 4180; x_wconf 91' lang='lat' dir='ltr'>et</span> <span class='ocrx_word' id='word_1_299' title='bbox 1348 4137 1457 4203; x_wconf 87' lang='lat' dir='ltr'>quarn</span> <span class='ocrx_word' id='word_1_300' title='bbox 1469 4119 1573 4185; x_wconf 90' lang='lat' dir='ltr'>iocun-</span> 
     </span>
    </p>
   </div>
   <div class='ocr_carea' id='block_1_3' title="bbox 437 4311 1085 4661">
    <p class='ocr_par' dir='ltr' id='par_1_4' title="bbox 437 4311 1055 4485">
     <span class='ocr_line' id='line_1_33' title="bbox 437 4311 1055 4395; baseline 0.002 -17"><span class='ocrx_word' id='word_1_301' title='bbox 437 4325 473 4395; x_wconf 75' lang='lat' dir='ltr'>(l)</span> <span class='ocrx_word' id='word_1_302' title='bbox 490 4311 626 4395; x_wconf 71' lang='lat' dir='ltr'>Er&#39;angilc</span> <span class='ocrx_word' id='word_1_303' title='bbox 642 4324 724 4378; x_wconf 88' lang='lat' dir='ltr'>selon</span> <span class='ocrx_word' id='word_1_304' title='bbox 740 4324 767 4377; x_wconf 89' lang='lat' dir='ltr'>S.</span> <span class='ocrx_word' id='word_1_305' title='bbox 786 4324 852 4388; x_wconf 83' lang='lat' dir='ltr'>huc,</span> <span class='ocrx_word' id='word_1_306' title='bbox 869 4325 899 4378; x_wconf 86' lang='lat' dir='ltr'>C.</span> <span class='ocrx_word' id='word_1_307' title='bbox 916 4339 954 4388; x_wconf 75' lang='lat' dir='ltr'>vr,</span> <span class='ocrx_word' id='word_1_308' title='bbox 969 4341 993 4376; x_wconf 84' lang='lat' dir='ltr'>r.</span> <span class='ocrx_word' id='word_1_309' title='bbox 1011 4326 1055 4379; x_wconf 79' lang='lat' dir='ltr'>ll.</span> 
     </span>
     <span class='ocr_line' id='line_1_34' title="bbox 437 4401 1009 4485; baseline -0.002 -18"><span class='ocrx_word' id='word_1_310' title='bbox 437 4401 596 4485; x_wconf 61' lang='lat' dir='ltr'>tillllvaug.</span> <span class='ocrx_word' id='word_1_311' title='bbox 613 4413 695 4468; x_wconf 89' lang='lat' dir='ltr'>selon</span> <span class='ocrx_word' id='word_1_312' title='bbox 706 4414 733 4466; x_wconf 91' lang='lat' dir='ltr'>S.</span> <span class='ocrx_word' id='word_1_313' title='bbox 752 4415 819 4479; x_wconf 83' lang='lat' dir='ltr'>huc,</span> <span class='ocrx_word' id='word_1_314' title='bbox 836 4415 865 4467; x_wconf 87' lang='lat' dir='ltr'>C.</span> <span class='ocrx_word' id='word_1_315' title='bbox 884 4429 901 4476; x_wconf 88' lang='lat' dir='ltr'>r,</span> <span class='ocrx_word' id='word_1_316' title='bbox 918 4429 946 4468; x_wconf 78' lang='lat' dir='ltr'>v.</span> <span class='ocrx_word' id='word_1_317' title='bbox 965 4415 1009 4466; x_wconf 77' lang='lat'>35.</span> 
     </span>
    </p>

    <p class='ocr_par' dir='ltr' id='par_1_5' title="bbox 437 4489 1085 4661">
     <span class='ocr_line' id='line_1_35' title="bbox 437 4489 1085 4574; baseline 0 -18"><span class='ocrx_word' id='word_1_318' title='bbox 437 4501 474 4573; x_wconf 82' lang='lat'>(3)</span> <span class='ocrx_word' id='word_1_319' title='bbox 489 4489 595 4574; x_wconf 79' lang='lat' dir='ltr'>Erarrg.</span> <span class='ocrx_word' id='word_1_320' title='bbox 610 4501 691 4556; x_wconf 87' lang='lat' dir='ltr'>selon</span> <span class='ocrx_word' id='word_1_321' title='bbox 706 4503 735 4558; x_wconf 82' lang='lat' dir='ltr'>S.</span> <span class='ocrx_word' id='word_1_322' title='bbox 753 4501 890 4562; x_wconf 81' lang='lat' dir='ltr'>blathicu,</span> <span class='ocrx_word' id='word_1_323' title='bbox 906 4503 935 4554; x_wconf 91' lang='lat' dir='ltr'>C.</span> <span class='ocrx_word' id='word_1_324' title='bbox 953 4518 979 4568; x_wconf 81' lang='lat' dir='ltr'>x,</span> <span class='ocrx_word' id='word_1_325' title='bbox 1002 4518 1026 4556; x_wconf 83' lang='lat' dir='ltr'>r.</span> <span class='ocrx_word' id='word_1_326' title='bbox 1045 4505 1085 4556; x_wconf 80' lang='lat' dir='ltr'>lb.</span> 
     </span>
     <span class='ocr_line' id='line_1_36' title="bbox 440 4591 932 4661; baseline 0 -17"><span class='ocrx_word' id='word_1_327' title='bbox 440 4591 477 4661; x_wconf 74' lang='lat' dir='ltr'>(t)</span> <span class='ocrx_word' id='word_1_328' title='bbox 494 4591 596 4646; x_wconf 81' lang='lat' dir='ltr'>Paalm.</span> <span class='ocrx_word' id='word_1_329' title='bbox 612 4591 691 4655; x_wconf 85' lang='lat' dir='ltr'>tiber,</span> <span class='ocrx_word' id='word_1_330' title='bbox 706 4592 735 4644; x_wconf 88' lang='lat' dir='ltr'>C.</span> <span class='ocrx_word' id='word_1_331' title='bbox 749 4608 850 4656; x_wconf 76' lang='lat' dir='ltr'>cxxxii,</span> <span class='ocrx_word' id='word_1_332' title='bbox 864 4608 889 4645; x_wconf 80' lang='lat' dir='ltr'>r.</span> <span class='ocrx_word' id='word_1_333' title='bbox 907 4594 932 4644; x_wconf 87' lang='lat' dir='ltr'>l.</span> 
     </span>
    </p>
   </div>
   <div class='ocr_carea' id='block_1_4' title="bbox 0 0 1666 5626">
    <p class='ocr_par' dir='ltr' id='par_1_6' title="bbox 0 0 1666 5626">
     <span class='ocr_line' id='line_1_37' title="bbox 0 0 1666 5626; baseline 0 0"><span class='ocrx_word' id='word_1_334' title='bbox 0 0 1666 5626; x_wconf 95' lang='lat' dir='ltr'> </span> 
     </span>
    </p>
   </div>
  </div>
 </body>
</html>
