3270 5626
590 501 820 553 COLLECTIO
847 499 1047 552 SECUNDA.
1373 505 1417 553 391

217 656 250 717 et
271 653 406 738 partem
426 645 528 737 pellis
548 645 752 727 combussit,
774 651 809 713 ot
827 646 878 712 sio
898 644 1098 735 Murelegus
1118 643 1213 712 domi
1236 646 1418 712 remansit.

283 762 456 831 Similiter
481 761 511 829 si
536 760 645 829 caude
673 762 864 828 mulierum
891 765 1009 828 esseut
1033 759 1212 849 abscislsle
1239 766 1274 828 et
1301 759 1420 850 oapilli

218 877 325 948 ablati
345 877 401 946 vel
416 875 602 957 combusti,
624 882 718 944 certo
736 875 832 944 domi
857 881 1092 943 remanerent.
1115 874 1215 944 Vnde
1234 875 1421 964 Apostolus

216 993 261 1062 ad
279 992 478 1062 Corinthios
494 992 542 1081 (l)
561 1013 568 1059 :
588 991 676 1081 (Fol.
698 992 754 1079 31)
778 992 814 1059 Si
835 996 936 1081 turpe
956 997 1008 1058 est
1026 990 1169 1058 mulieri
1189 989 1339 1073 tonderi,
1360 998 1422 1059 aut

215 1108 407 1193 decaluari,
424 1107 517 1176 velet
532 1105 644 1198 capud
660 1128 777 1176 suum.
795 1106 1052 1175 Ornamentum
1072 1112 1188 1174 autom
1205 1107 1422 1196 permittitur

216 1223 399 1299 uxoribus.
415 1229 454 1291 vt
474 1229 610 1291 tantum
624 1222 784 1313 placeant
797 1223 883 1290 viris
903 1221 988 1290 suis

268 1475 309 1529 vl
338 1473 470 1546 (XClll’).
494 1504 529 1515 -·
553 1474 614 1545 [llll
641 1473 799 1529 ,thasra
826 1471 1061 1528 Arflln'rslo
1088 1472 1135 1527 ΕΤ
1161 1471 1365 1544 nullaten]

701 1638 930 1708 Exemplum.

283 1822 371 1889 ltem
399 1820 505 1888 abhas
528 1819 743 1887 Athanasius
769 1819 858 1887 vidit
884 1819 1035 1909 quadam
1062 1818 1119 1887 die
1147 1820 1183 1887 iu
1207 1819 1421 1887 Alexandria

214 1937 401 2005 mulierem
416 1936 599 2004 textrioem
612 1941 785 2017 ornatam,
799 1941 834 2004 et
847 1936 957 2016 lleuit,
973 1934 1092 2004 dioens
1107 1935 1178 2003 hiis
1194 1936 1255 2027 qui
1271 1936 1421 2003 interro-

214 2051 345 2144 gabant
359 2074 439 2119 eum
460 2074 523 2118 cur
542 2053 666 2118 lleret:
690 2051 763 2118 Due
783 2058 867 2118 sunt
886 2073 989 2118 causo
1012 2051 1126 2133 fletus,
1143 2074 1227 2134 vna,
1249 2053 1333 2141 quia
1355 2049 1420 2118 hec

217 2168 293 2257 [ost]
311 2166 458 2257 perdita,
475 2165 557 2249 alia,
575 2167 658 2257 quia
673 2188 744 2234 non
759 2165 871 2234 habeo
886 2166 956 2234 talo
971 2165 1129 2234 studium
1150 2165 1311 2257 placendi
1334 2165 1417 2239 Deo.

215 2283 319 2374 quale
340 2284 407 2351 ista
421 2281 526 2351 habet
545 2281 705 2373 placendi
723 2280 941 2350 hominihus.

279 2532 337 2587 vu
368 2532 497 2604 (xant).
522 2563 557 2572 -
581 2533 642 2604 [nu
668 2533 827 2587 saorra
853 2531 1032 2589 insarno
1057 2532 1106 2587 ar
1132 2531 1349 2604 urrunnu.

699 2698 927 2768 Exemplum.

281 2878 369 2947 ltem
385 2885 544 2948 matrona
557 2878 707 2971 quedam
723 2879 861 2970 rogauit
875 2877 1036 2947 abbatem
1047 2879 1237 2947 hrsonium
1250 2887 1288 2947 vt
1302 2885 1418 2947 oraret

213 3018 276 3086 pro
292 3018 345 3064 ea.
364 2994 431 3076 Qui
451 2994 629 3086 respoudit
646 3017 653 3064 :
671 2995 818 3063 Auferat
837 3002 871 3064 te
887 2994 1059 3063 Dominus
1079 2993 1216 3063 acordo
1236 2996 1331 3063 meo!
1352 2994 1417 3063 llla

212 3133 296 3180 vero
311 3111 423 3179 tristis
445 3112 600 3201 qu'esiuit
618 3134 639 3179 a
660 3110 812 3202 quodam
833 3133 896 3179 our
916 3110 983 3179 hoo
1004 3110 1103 3178 dixit.
1121 3110 1189 3193 Qui
1212 3109 1302 3178 dixit
1322 3109 1415 3202 quod

211 3228 277 3296 hoc
292 3227 381 3295 dixit
400 3226 442 3295 de
462 3227 695 3316 temptaciono
711 3226 920 3308 auferenda;
938 3233 989 3295 set
1008 3232 1084 3295 orat
1103 3250 1166 3317 pro
1182 3233 1215 3295 te
1237 3226 1297 3317 (2).

440 3451 511 3506 rur
541 3448 670 3523 (reru).
689 3481 724 3490 -
749 3450 811 3522 [nn
837 3450 992 3506 sarcre
1022 3448 1193 3506 amanio

574 3549 623 3604 ar
651 3548 823 3614 ouanau
849 3547 1051 3620 naeinam.
1104 3565 1110 3577 ·

277 3736 544 3815 Verumtamen,
558 3734 641 3803 licet
650 3734 818 3804 mulieres
828 3733 1074 3819 suntvitande,
1084 3742 1167 3802 sunt
1181 3734 1415 3803 tamenhono·

212 3850 334 3920 rande.

278 3965 380 4034 Vnde
400 3965 551 4056 quedam
571 3966 699 4034 mulier
722 3965 883 4034 currebat
904 3972 982 4056 post
1003 3971 1164 4035 sanctum
1184 3965 1413 4056 Hillllarium,

213 4106 316 4152 orans
339 4088 378 4149 vt
396 4082 509 4150 filium
534 4083 767 4166 resuscitaret,
790 4087 825 4150 ot
847 4081 907 4150 illo
930 4080 1098 4173 fugiebat.
1116 4082 1161 4149 At
1175 4081 1239 4150 illa
1253 4082 1303 4150 ait
1321 4103 1329 4150 :
1346 4081 1416 4150 Mo-

214 4204 334 4267 mouto
349 4197 443 4288 quod
464 4199 545 4265 talis
567 4220 671 4266 sexus
690 4199 817 4288 genuit
839 4197 1032 4266 Christum.
1051 4199 1127 4281 Quo
1147 4197 1280 4281 audito,
1296 4198 1415 4266 statim

214 4337 378 4384 reuersus
400 4321 451 4381 est
471 4313 633 4382 etlilium
653 4313 729 4381 eius
745 4314 980 4382 rosusoitauit.

266 4504 303 4574 ll)
321 4504 415 4574 Voyez
429 4490 529 4574 Flpltro
545 4503 567 4568 1,
587 4504 618 4556 C.
635 4518 673 4571 xr,
687 4519 712 4557 v.
730 4507 756 4558 (t.

265 4595 305 4666 (2)
318 4594 364 4648 Au
376 4590 437 4648 lieu
449 4592 486 4648 de
501 4599 528 4648 te
540 4590 609 4647 lisez
623 4609 630 4646 :
646 4594 716 4662 ipen.
