3270 5626
445 472 597 527 onoltls
622 474 673 526 llll¹
700 474 912 527 caalxoua
938 474 1184 526 PARABOLAE.
1367 479 1411 527 aar

213 641 271 687 ma
287 618 498 687 interficitur
512 618 550 686 in
563 618 717 710 presenti
730 641 792 709 por
806 618 945 709 culpam
962 642 1028 709 que
1043 617 1173 687 dicitur
1186 642 1281 688 mors
1296 621 1413 689 animo

214 740 249 802 et
263 732 419 803 tamdem
434 733 508 824 (sic)
524 734 562 801 in
575 733 694 802 futuro
707 756 769 824 per
783 756 910 824 penam
926 742 1095 803 eternam.

212 929 876 1021 x0111.-ua0u0nauup1500r0
905 932 954 986 ΕΤ
982 930 1154 996 Quintil
1183 932 1340 988 veruta
1363 934 1412 1006 (t).

280 1073 374 1143 Mors
395 1072 464 1141 suit
492 1073 530 1139 in
554 1072 624 1140 olla
650 1073 747 1141 illius
771 1073 937 1163 episcopi,
962 1075 1022 1164 qui
1045 1074 1221 1165 quandam
1243 1076 1411 1158 uetulam,

215 1188 284 1258 sibi
312 1187 446 1257 exiberi
470 1188 646 1256 iusticiam
666 1188 840 1256 instanter
858 1188 1107 1279 postulantem,
1136 1190 1252 1259 noluit
1276 1190 1412 1259 audire.

213 1303 367 1374 Tandem
383 1303 498 1372 socius
513 1303 678 1394 episcopi,
691 1304 767 1372 eius
782 1303 1072 1373 consuetudinem
1086 1327 1313 1396 cognoscens,
1325 1305 1415 1374 dixit

214 1421 336 1490 uetule
355 1440 363 1488 :
379 1418 458 1487 Non
474 1427 507 1486 te
528 1418 690 1487 exaudiet
704 1419 869 1488 dominus
883 1421 1079 1510 episcopus,
1097 1421 1166 1488 nisi
1186 1421 1284 1511 prius
1303 1445 1414 1491 unxe-

216 1539 265 1606 ris
287 1557 416 1605 manus
437 1535 527 1603 eius.
554 1534 682 1604 Vetula
703 1536 800 1603 enim
824 1535 872 1626 (2)
892 1534 958 1605 hoc
982 1536 1189 1626 simpliciter
1212 1536 1412 1606 intellexit:

216 1650 434 1743 comparauit
461 1649 528 1719 sibi
553 1656 625 1720 tres
656 1650 791 1719 oblatas
816 1651 940 1732 butiri;
971 1653 1119 1720 ueniens
1140 1651 1183 1720 ad
1212 1653 1414 1743 episcopum

215 1767 410 1862 postulauit
431 1766 524 1858 quod
545 1788 692 1834 manum
711 1765 778 1835 sibi
797 1768 962 1856 porrexit.
981 1766 1120 1852 Mulier,
1136 1790 1243 1836 manu
1260 1776 1413 1858 accepta,

217 1887 331 1976 ipsam
348 1882 464 1951 butiro
483 1904 546 1972 per
559 1883 690 1972 optime
707 1884 882 1974 perungit.

282 2000 428 2069 Vtinam
443 1999 512 2067 tale
531 1997 740 2089 obsequium
760 1999 924 2067 omnibus
946 1998 1083 2089 cupidis
1102 1998 1368 2090 exhiberetlurll

259 2197 368 2255 xciv.
397 2227 432 2237 -
460 2197 512 2252 na
540 2193 710 2259 bonuau
738 2193 973 2250 unanimae
1000 2196 1048 2250 ar
1070 2194 1164 2250 ntus
1187 2196 1297 2251 mura
1325 2197 1375 2269 (a).

285 2340 444 2424 Quadam
454 2337 632 2418 meretrix,
643 2337 726 2427 quia
740 2336 807 2404 suit
822 2336 1029 2420 inueterata,
1049 2338 1108 2427 (et)
1120 2339 1272 2429 amplius
1288 2340 1417 2408 lucrari

225 2482 294 2528 non
310 2457 437 2548 potuit.
460 2453 591 2523 llabuit
605 2458 722 2521 tamen
738 2453 896 2542 pulcram
916 2453 1026 2520 liliam
1041 2461 1076 2521 et
1094 2452 1184 2523 dixit
1197 2455 1389 2523 clamatrici
1407 2477 1415 2525 :

224 2575 394 2644 Homines
407 2593 479 2641 non
495 2575 620 2639 curant
639 2567 681 2637 de
700 2569 786 2636 uino
801 2590 892 2651 meo,
907 2569 1076 2659 quoniam
1092 2576 1195 2639 uetus
1215 2576 1283 2654 est;
1305 2571 1418 2641 clamo

223 2693 348 2760 uiuum
370 2688 412 2757 de
434 2687 544 2756 altero
567 2683 673 2767 dolio,
703 2684 835 2753 scilicet
858 2683 900 2752 de
921 2684 993 2753 filia
1014 2706 1104 2768 mea,
1133 2691 1171 2753 ut
1200 2686 1317 2776 precio
1336 2685 1417 2754 dato

222 2806 439 2875 sufficienter
450 2801 584 2871 bibant.

285 2920 428 2991 Similes
439 2915 739 3008 suntquibusdam
752 2913 963 3004 hospitibus,
975 2917 1036 3006 qui
1047 2917 1250 3007 peregrinos
1265 2919 1419 2987 inuitant

224 3039 263 3106 ad
278 3038 455 3128 optimum
469 3034 596 3103 uinum
607 3038 642 3100 et
651 3030 810 3100 uendunt
822 3038 1026 3121 corruptum
1039 3037 1074 3099 et
1083 3032 1320 3119 mortiterum,
1333 3057 1420 3124 quo-

224 3155 428 3235 niam,cum
449 3148 633 3218 delectaris
654 3147 690 3214 in
709 3147 795 3215 uino
814 3145 1069 3229 fomicationis‚
1091 3146 1184 3215 bibis
1198 3149 1324 3218 uinum
1346 3173 1421 3240 per-

225 3268 381 3350 ditionis,
399 3265 532 3336 scilicet
547 3272 697 3332 mortem
711 3263 840 3331 auimo.

322 3465 410 3520 xcv.
439 3461 554 3517 -na
581 3458 711 3515 auaro
741 3458 959 3515 auauxauo
987 3458 1325 3519 ctaaxvxunnxsr

678 3557 889 3613 uouraura
917 3555 966 3628 (a).

289 3714 395 3783 Beato
414 3709 591 3781 bernardo
609 3707 862 3778 Clarauallensi
882 3709 920 3775 in
939 3716 1095 3777 extremo
1116 3709 1288 3778 laboranti
1304 3712 1421 3802 quesi-

228 3839 303 3900 tum
323 3834 377 3898 est
390 3827 543 3920 qualiter
557 3848 594 3895 se
608 3823 763 3893 baberet.
781 3823 849 3905 Qui
864 3824 914 3891 ait
928 3823 1020 3913 quod
1036 3826 1192 3893 maximo
1207 3825 1334 3917 gaudio
1348 3827 1422 3893 alli-

226 3946 395 4027 ciebatur,
417 3966 458 4013 eo
477 3940 571 4034 quod
587 3940 624 4009 in
649 3940 763 4031 specie
785 3938 852 4007 sibi
877 3939 1067 4022 consimili,
1095 3940 1230 4009 scilicet
1252 3940 1418 4021 humana,

225 4063 342 4153 ipsum
357 4060 468 4130 Deum
484 4058 520 4126 iu
536 4056 694 4148 proximo
711 4055 855 4123 uisurus
868 4060 952 4122 erat.

275 4230 315 4303 (t)
326 4232 420 4286 llemc
434 4243 564 4285 sermon.

278 4321 316 4392 (2)
331 4319 414 4376 Ainsi
429 4335 505 4391 pour
519 4322 620 4372 autem.

277 4409 316 4483 (3)
331 4409 423 4465 indta
440 4411 534 4464 sancte
548 4405 746 4471 Pentectoatcs,
760 4402 908 4459 secundom
919 4403 1065 4460 Iohannem
1077 4406 1175 4475 ..cloja
1184 4435 1220 4446 -
1235 4405 1263 4459 Si
1279 4405 1345 4475 quis
1360 4405 1424 4460 dili·

225 4499 267 4571 git
281 4514 341 4567 me,
357 4511 528 4553 sermonem
543 4510 644 4551 meum
657 4492 799 4549 scruabit.

280 4588 318 4659 l)
333 4589 426 4643 llemc
440 4600 569 4642 sermon.
