3270 5626
239 499 285 548 ³22
473 493 623 545 ODONlS
649 494 699 544 ΒΕ
725 493 934 545 OERITONA
958 493 1205 546 PARABOLAE.

239 641 281 708 Et
296 642 345 708 sie
361 663 423 730 per
438 639 651 707 cantilenam
666 638 811 728 gloriosi
826 638 981 706 martiris
993 637 1036 708 ab
1046 637 1210 707 horribili
1226 645 1341 707 morte
1357 641 1435 713 libe·

238 757 304 825 rati
321 762 414 824 sunt.

446 977 575 1032 exuvr.
604 1006 639 1016 -
668 976 717 1030 on
746 975 841 1030 acm
870 976 918 1030 nr
945 977 1148 1033 Juurrnuo
1177 982 1228 1049 u).

302 1156 341 1223 ln
361 1155 450 1226 libro
470 1155 617 1245 Regum.
640 1154 758 1222 Helias
780 1154 841 1244 qui
867 1161 1026 1224 mortuos
1051 1155 1256 1239 suscitabat,
1273 1157 1430 1227 futurum

233 1271 448 1362 preuidebat,
467 1293 605 1361 queque
621 1270 775 1361 preclare
790 1269 951 1352 faciebat,
967 1271 1094 1340 timore
1114 1272 1280 1340 mulieris
1297 1296 1432 1363 percus·

232 1411 304 1470 sus,
324 1386 446 1455 incidit
466 1387 503 1454 in
523 1387 588 1453 hoe
604 1392 795 1475 peccatum,
814 1392 849 1453 et
863 1385 953 1454 sedit
969 1385 1091 1455 subter
1104 1409 1213 1455 unam
1230 1389 1428 1479 iunipemm

231 1511 265 1573 et
285 1505 390 1594 peciit
405 1504 522 1570 anime
538 1524 599 1569 sue
616 1507 655 1568 ut
673 1509 882 1570 moreretur.

298 1619 363 1686 Per
385 1618 587 1707 iuniperum
613 1616 736 1707 religio
756 1617 982 1709 intelligitur,
1005 1619 1091 1710 quia
1114 1618 1179 1689 sub
1199 1620 1320 1690 cinere
1341 1623 1427 1691 iuni·

228 1735 304 1825 peri
329 1734 422 1825 ignis
447 1754 664 1822 perannum
691 1740 922 1801 conseruatur
950 1740 985 1802 et
1014 1734 1078 1803 sub
1108 1736 1281 1806 memoria
1309 1740 1425 1806 mortis

229 1851 347 1918 feruor
371 1848 552 1940 religionis
574 1849 741 1916 nutritur.
768 1848 840 1917 Sub
860 1850 1022 1941 iunipero
1046 1849 1167 1920 sedere
1192 1859 1246 1920 est
1265 1853 1424 1946 religioni

228 1964 406 2035 adherere.
425 1966 552 2035 Anime
568 1990 630 2036 sue
650 1966 755 2054 peciit
770 1971 808 2033 ut
825 1966 1009 2048 moriatur,
1026 1987 1106 2034 oum
1128 1964 1340 2058 obsequium
1358 1970 1424 2058 spi·

225 2081 352 2150 rituale
371 2081 409 2149 in
425 2080 594 2150 accidiam
609 2081 770 2164 uertitur,
794 2087 828 2148 et
847 2080 989 2171 quiade
1009 2080 1137 2172 gaudio
1157 2082 1335 2171 spirituali
1353 2106 1418 2152 non

225 2199 343 2278 sentit,
366 2220 427 2288 per
447 2198 633 2266 tristiciam
649 2204 683 2266 et
698 2203 872 2287 torporem
889 2198 989 2286 quasi
1007 2199 1097 2265 mori
1113 2197 1264 2267 affectat.
1288 2199 1331 2267 Et
1348 2222 1419 2269 ecee

224 2315 371 2406 angelus
382 2315 501 2406 magni
519 2315 658 2382 consilii
674 2313 896 2382 claustralem
914 2313 1040 2403 tangit,
1058 2318 1284 2407 pergratiam
1300 2320 1421 2386 excitat

223 2437 263 2498 ut
283 2453 303 2499 a
325 2437 462 2521 torpore
483 2430 614 2499 fastidii
634 2436 804 2520 resurgat,
821 2436 947 2498 monet
966 2435 1006 2496 ut
1024 2430 1195 2514 comedat,
1219 2432 1254 2500 id
1275 2440 1329 2502 est
1348 2433 1420 2503 cibo

223 2545 397 2635 spirituali
409 2569 445 2614 se
459 2545 602 2614 reficiat.
620 2546 662 2614 Et
677 2547 830 2637 respexit
845 2546 976 2629 Helias,
992 2554 1026 2614 et
1042 2569 1120 2615 eece
1131 2547 1174 2616 ad
1190 2548 1305 2639 capud
1320 2572 1418 2618 suum

222 2661 475 2730 subcinericius
499 2662 601 2752 panis
620 2667 737 2730 etuas
757 2684 862 2752 aque3
886 2662 1039 2730 comedit
1059 2669 1094 2730 et
1113 2662 1202 2732 bibit
1221 2672 1257 2733 et
1280 2688 1415 2734 rursum

220 2776 446 2846 obdormiuit.
465 2777 710 2867 Reuersusque
721 2778 866 2868 angelus
878 2776 1032 2846 seeundo
1040 2779 1154 2869 tetigit
1165 2803 1261 2865 eum,
1277 2782 1395 2853 dicens
1406 2804 1420 2858 ε,

220 2892 303 2961 Ribe
320 2900 354 2961 el
368 2892 510 2961 comede
520 2917 529 2977 ;¹
540 2892 681 2984 grandis
696 2894 791 2961 enim
806 2892 869 2961 tibi
886 2900 992 2961 restat
1006 2895 1078 2962 uia.
1092 2896 1251 2965 Comedit
1267 2907 1302 2967 et
1318 2899 1410 2977 bibit,

220 3016 254 3078 et
272 3009 469 3077 ambuluuit
489 3010 526 3076 in
547 3009 750 3077 tortitudine
776 3009 843 3076 eibi
867 3009 964 3077 illius
987 3010 1220 3102 quadraginta
1241 3014 1365 3084 diebus
1384 3023 1411 3082 et

218 3123 448 3215 quadraginta
469 3124 631 3193 noctibus
647 3148 757 3215 usque
773 3124 816 3192 ad
831 3131 988 3192 montem
1009 3127 1069 3193 [lei
1092 3127 1194 3196 Oreb.

324 3376 470 3430 CXLVII.
493 3408 527 3417 -
552 3377 601 3430 DE
626 3374 785 3431 DUOBUS
807 3376 1017 3431 MONACHlS
1041 3377 1242 3435 Tssururls
1263 3383 1312 3437 ET

578 3473 735 3529 ABBATE
764 3474 973 3528 uroutluu
1003 3474 1052 3545 (2).

283 3651 432 3734 Quidam
458 3652 591 3741 (senex)
618 3650 719 3718 ualde
747 3650 983 3740 temptabatur
1007 3675 1026 3719 a
1050 3653 1297 3724 fornicatione.
1321 3655 1408 3739 Quot

215 3790 296 3837 eum
316 3774 492 3835 narrasset
506 3764 645 3834 cuidam
666 3767 753 3849 seni,
777 3767 825 3833 ait
845 3789 951 3835 senex
973 3768 1045 3857 [qui
1065 3791 1251 3858 nunquam
1274 3779 1410 3862 tempta·

215 3891 271 3952 tus
291 3885 405 3951 suerat
420 3886 456 3951 in
470 3884 535 3951 hac
552 3883 796 3970 temptacionel
818 3903 825 3950 :
848 3883 953 3951 Miser
972 3907 1023 3965 es,
1041 3891 1075 3951 et
1092 3907 1163 3953 non
1179 3909 1217 3953 es
1234 3887 1363 3977 dignus
1378 3895 1406 3954 ut

215 4001 263 4067 sis
287 3999 493 4081 monachus,
515 3998 577 4087 qui
599 3996 685 4064 tales
710 3996 834 4086 recipis
851 4000 1108 4086 temptationes.
1127 4002 1228 4082 ttuod
1255 4005 1404 4072 audiens.

214 4114 416 4205 desperatus
437 4115 528 4205 cepit
543 4114 593 4182 ire
610 4111 652 4182 ad
668 4113 838 4182 seculum.
857 4114 917 4181 Cui
934 4113 1083 4182 obuians
1098 4116 1206 4185 abbas
1223 4121 1350 4209 Apollo
1365 4119 1402 4186 ait

213 4232 292 4299 illi:
313 4232 444 4313 Frater,
466 4254 573 4321 quare
586 4233 765 4299 tristises'?
781 4230 843 4297 Cui
860 4229 918 4296 ille
937 4251 944 4296 ε
963 4230 1053 4310 Quia
1072 4233 1260 4302 fornicatio
1278 4237 1403 4325 iuquie-

267 4402 304 4473 (l)
322 4404 412 4456 Mrlme
426 4418 557 4457 sermon.

267 4491 304 4561 (t)
319 4493 471 4547 Domintro.
487 4493 565 4562 ciij&
582 4497 647 4560 post
665 4490 790 4545 octabam
816 4490 994 4556 Pentecostcs,
1009 4490 1290 4558 secundumbuclrom,
1306 4503 1356 4548 .c⁰.
1372 4516 1398 4528 ⁶

214 4579 293 4634 Beati
308 4579 383 4635 oculi
398 4581 447 4651 qui
468 4581 572 4636 uident
583 4579 661 4650 quod
678 4594 731 4634 uos
748 4577 863 4633 uidetis.
