3270 5626
359 501 405 550 392
689 497 842 549 ODONlS
864 497 1043 552 FABULIS
1069 496 1235 557 loom,

396 777 436 831 lli
462 775 597 848 (XClll).
618 777 723 832 —DE
750 775 879 833 ΒΕΑΤΟ
906 776 1120 833 llACllAllIO
1146 776 1308 832 loom
1333 775 1374 832 ΙΝ
1401 776 1530 832 collo

787 875 865 931 SUA
892 873 1135 930 RESIDENTE.

427 1062 596 1132 Residons
610 1060 647 1129 in
667 1060 757 1132 cella
776 1085 839 1129 sua
862 1062 959 1151 [oroi]
980 1061 1133 1152 quadam
1157 1060 1214 1129 dio
1228 1060 1353 1131 boatus
1371 1060 1565 1131 Machorias

358 1178 479 1247 obbas.
497 1176 657 1246 Occurrit
672 1178 704 1244 ei
721 1175 887 1246 Diabolus
903 1199 983 1246 oum
999 1175 1100 1258 falce,
1118 1177 1241 1246 volens
1256 1199 1339 1246 eum
1355 1177 1562 1247 interlicere.

359 1294 418 1363 Sol
432 1317 503 1362 non
515 1295 630 1383 poluit
640 1315 721 1362 oum
733 1299 928 1383 percutere,
942 1299 977 1361 ol
991 1293 1058 1362 ait:
1069 1292 1215 1361 llultom
1229 1293 1445 1363 violenciam
1455 1296 1567 1384 patior

358 1416 443 1494 oto,
466 1411 549 1500 quia
569 1408 632 1478 tibi
657 1409 838 1500 proualoro
857 1431 929 1477 non
945 1429 1113 1499 possum:
1135 1414 1174 1476 tu
1196 1409 1334 1477 ieiunas
1353 1416 1390 1478 ol
1409 1433 1474 1502 ego
1496 1432 1565 1479 non

358 1525 515 1607 comodo,
533 1530 572 1593 lu
587 1524 715 1615 vigilas
735 1530 769 1593 ol
783 1546 846 1615 ogo
859 1547 930 1592 non
949 1523 1100 1606 dormio,
1117 1530 1152 1593 et
1164 1524 1202 1592 in
1217 1547 1288 1593 vno
1302 1524 1378 1594 solo
1393 1548 1452 1594 me
1467 1548 1566 1616 supo

308 1710 311 1715 Δ
358 1663 427 1724 ms,
450 1641 586 1708 sciliool
606 1641 643 1708 in
659 1640 876 1722 humilitate3
895 1646 1038 1730 propter
1056 1640 1150 1730 quod
1168 1663 1241 1708 non
1261 1663 1409 1732 possum
1433 1641 1566 1733 aliquid

357 1754 545 1824 aduersum
569 1763 616 1822 to.

551 1994 573 2049 x
600 1995 748 2068 (xeno).
776 2026 811 2037 -
838 1995 900 2067 [oo
928 1995 1100 2051 sommo
1126 1995 1362 2068 mosim]

845 2161 1073 2231 Exemplum.

429 2345 588 2414 lulianus
603 2348 772 2434 apostata,
789 2364 869 2411 cum
882 2342 990 2411 vellot
1005 2341 1215 2411 descendere
1231 2343 1269 2410 in
1286 2342 1485 2427 Persidam,
1502 2346 1576 2413 mi-

360 2463 408 2529 sil
425 2460 611 2529 demonem
632 2461 669 2526 in
692 2457 909 2527 oocidonlom
926 2463 962 2526 vt
985 2459 1125 2526 allorrol
1141 2457 1222 2526 indo
1248 2481 1462 2550 responsum
1483 2461 1573 2552 quid

359 2578 515 2646 facturus
530 2581 635 2644 osset.
649 2575 735 2643 Cum
752 2579 870 2642 aul-em
884 2573 1041 2642 vonissot
1055 2573 1184 2642 demon
1197 2572 1241 2642 od
1256 2572 1438 2665 quendam
1449 2574 1572 2645 locum

359 2692 418 2761 vbi
443 2698 515 2761 orat
536 2690 679 2783 quidam
708 2689 895 2780 religiosus
919 2711 1037 2771 omns,
1064 2690 1160 2757 sto-lit
1187 2688 1241 2756 ibi'
1260 2712 1323 2779 per
1344 2688 1469 2760 docem
1494 2691 1580 2761 dios

359 2807 565 2892 immobilis,
584 2829 648 2875 noo
667 2811 804 2896 polemi
823 2805 986 2886 transire,
1008 2805 1092 2895 quia
1115 2804 1177 2873 illo
1196 2812 1340 2874 sanctus
1363 2829 1439 2876 non
1454 2830 1578 2876 cossa·

360 2923 418 2993 bat
437 2947 534 2992 oraro
550 2923 606 2989 dio
624 2945 664 2989 ao
679 2926 793 3002 nocto,
814 2925 847 2987 ol
864 2943 1028 2988 reuersus
1049 2919 1154 2988 rediit
1169 2921 1245 2988 sino
1261 2921 1402 2990 offoolu.
1426 2923 1491 2991 Cui
1514 2916 1577 2990 lu-

360 3039 475 3108 lianus
498 3041 546 3106 ail
564 3061 570 3106 :
589 3040 703 3119 Quare
723 3035 889 3104 tardasti?
904 3036 971 3116 Qui
989 3037 1037 3103 aii
1060 3057 1066 3102 :
1091 3037 1181 3117 Quia
1200 3036 1311 3124 nichil
1335 3039 1421 3120 foci3
1445 3039 1572 3106 inuoni

360 3156 454 3222 onim
470 3154 644 3244 quondam
665 3152 878 3220 monachum
895 3157 1054 3219 oranlom
1076 3159 1176 3219 noeto
1193 3158 1227 3219 et
1242 3152 1298 3221 die
1319 3160 1353 3221 ol
1375 3177 1448 3221 non
1471 3155 1571 3244 potui

360 3271 631 3337 transiro.T11no
649 3271 757 3335 iratus
777 3268 934 3335 lulianus
950 3269 996 3333 ait
1012 3289 1018 3334 :
1035 3269 1122 3335 Cum
1140 3266 1287 3350 rodioio,
1302 3270 1453 3357 puniam
1470 3293 1566 3337 oum.

360 3385 427 3454 sod
450 3393 527 3476 post
554 3408 682 3475 paucos
707 3384 781 3450 dios
808 3406 826 3450 a
852 3383 965 3449 milito
992 3406 1098 3472 quom
1124 3383 1225 3451 boola
1245 3384 1354 3474 Virgo
1381 3386 1565 3453 suscilauil

361 3503 565 3569 inlorfoclus
586 3509 649 3568 osi.
672 3498 772 3581 Quod
795 3498 918 3565 videns
939 3498 1098 3588 quidam,
1121 3500 1276 3589 quicum
1292 3522 1334 3567 oo
1350 3508 1440 3575 omi,
1458 3503 1563 3569 factus

361 3624 412 3686 ost
433 3616 637 3686 monachus,

449 3870 488 3923 xl
516 3867 643 3939 (lillll').
665 3897 700 3906 -
726 3867 786 3937 [DE
813 3864 997 3919 lll'LllIlll]
1023 3862 1228 3918 DELICATA
1254 3864 1301 3918 ET
1329 3865 1480 3936 l‘lGll.l.J

651 4039 868 4108 Exemplum
893 4036 1027 4095 contra
1044 4035 1264 4094 aooidlosos.

426 4235 526 4303 Mulli
543 4240 624 4301 sunt
640 4232 731 4298 siout
744 4229 872 4296 mulier
882 4228 1029 4294 ‹lolicala
1043 4234 1077 4294 ol
1088 4227 1198 4317 pigra.
1211 4226 1303 4294 Talis
1315 4229 1415 4296 enim
1425 4229 1551 4305 molior,

359 4351 442 4418 ilum
464 4353 550 4418 iaool
573 4372 674 4415 mono
697 4348 731 4413 in
753 4347 842 4412 looto
859 4350 889 4410 ol
912 4342 1009 4410 audii
1030 4342 1170 4431 pulsare
1193 4342 1236 4410 ad
1258 4343 1551 4435 misson1,oogilal

359 4491 477 4536 socom
500 4465 591 4558 quoil
613 4463 715 4530 vadat
734 4461 776 4528 ad
798 4460 953 4527 missam.
977 4458 1047 4541 Sol,
1065 4481 1146 4526 cum
1167 4482 1261 4539 caro,
1286 4481 1356 4548 quo
1378 4462 1479 4552 pigro
1497 4465 1549 4528 osl.

358 4584 457 4651 timei
475 4584 599 4672 frigus,
619 4576 809 4668 rospondit,
828 4582 860 4642 ol
882 4573 965 4641 dicit
984 4595 991 4640 :
1015 4573 1128 4654 Quam
1144 4575 1212 4641 ires
1228 4575 1276 4642 ila
1295 4579 1426 4644 mano?
1442 4576 1549 4644 Nonii¹
