3270 5626
215 490 262 541 tit
447 485 598 537 ODONIS
624 485 675 538 DE
703 486 916 540 CERITONA
942 489 1188 543 PAR-ABOLAE.

216 636 332 704 uentis
348 639 383 701 et
398 632 487 700 mari
505 630 723 721 imperand0,
740 632 778 698 in
799 632 953 720 presenti
972 632 1075 702 nobis
1090 633 1225 702 tribuas
1245 635 1421 726 tranquil·

216 751 363 834 litatem,
384 757 424 818 ut
439 747 580 817 tandem
596 746 764 838 perducas
783 769 847 814 nos
866 746 909 815 ad
926 770 1045 837 pacem
1065 750 1276 817 eternitatis.

377 981 522 1036 xxvrrr.
542 1011 578 1022 -
605 982 656 1037 na
681 983 812 1039 asaro
840 983 1061 1039 aanuanoo
1088 983 1135 1038 ar
1161 985 1255 1040 arus

590 1079 782 1135 rxnvuro
811 1080 972 1135 sarran
991 1080 1040 1153 p).

280 1239 396 1309 Nolite
417 1236 595 1331 possidere
617 1259 757 1321 aurum,
779 1261 844 1308 nec
864 1246 1062 1330 argentum,
1077 1238 1149 1331 [nec
1168 1243 1358 1331 pecuniam
1383 1243 1419 1309 in

213 1357 322 1426 zonis.

282 1472 407 1540 Beatus
430 1468 641 1552 Bernardus,
665 1491 745 1538 cum
765 1470 890 1537 fratres
911 1493 992 1538 suos
1013 1477 1129 1561 preter
1148 1472 1343 1540 minimum
1366 1471 1418 1562 [ad

214 1586 388 1676 ordinem]
412 1586 587 1667 traxisset,
617 1585 727 1652 semel
752 1585 926 1675 equitauit
951 1607 1013 1675 per
1038 1587 1158 1655 uicum
1184 1586 1246 1655 ubi
1273 1588 1418 1656 fratrem

215 1724 318 1770 suum
352 1700 541 1769 minimum
566 1701 701 1790 aspexit
727 1698 920 1784 ludentem,
951 1701 1008 1791 [et]
1038 1703 1119 1771 ait:
1148 1701 1285 1786 Frater,
1313 1702 1418 1772 habes

214 1824 375 1886 nostrum
391 1816 654 1906 patrimonium,
668 1822 701 1883 et
720 1838 785 1883 nos
801 1815 1010 1885 habebimus
1030 1817 1246 1908 paradisum.
1266 1820 1419 1909 Respon-

214 1931 267 2001 dit
284 1933 453 2023 paruulus
471 1953 479 1998 :
503 1931 639 2015 Frater,
662 1930 726 2000 hec
745 1954 816 1999 non
837 1939 890 2000 est
911 1932 1003 2001 bona
1022 1932 1183 2023 particio;
1200 1957 1323 2026 ymmo
1343 1957 1419 2024 par-

214 2055 286 2145 tem
316 2070 431 2116 meam
452 2047 489 2114 in
517 2044 679 2136 paradiso
699 2053 813 2114 tecum
843 2049 995 2138 requiro.
1021 2048 1064 2116 Et
1084 2048 1226 2139 reliquit
1246 2051 1419 2140 ¹patrimo-

213 2163 312 2231 nium
328 2171 509 2232 terrenum
531 2168 565 2230 et
583 2162 697 2230 factus
712 2168 765 2229 est
785 2161 991 2231 monachus.

280 2277 348 2347 Sed
360 2278 497 2347 malunt
512 2275 675 2346 homines
686 2299 761 2346 esse
777 2299 993 2347 successoros
1008 2277 1148 2348 heredis
1158 2301 1267 2370 quam
1277 2280 1417 2351 Christi.

313 2512 419 2567 XXIX.
440 2542 476 2551 -
501 2511 553 2565 DE
580 2509 711 2565 BEXTO
741 2510 972 2567 BENEDICTO
998 2512 1047 2566 ET
1072 2513 1242 2570 MERULA
1267 2517 1317 2588 (2).

281 2671 425 2761 Legitur
448 2670 491 2739 de
521 2669 645 2759 [beato]
673 2668 873 2753 Benedicta,
902 2670 1007 2761 quod,
1031 2670 1116 2741 dum
1144 2680 1239 2742 esset
1266 2676 1304 2742 in
1334 2682 1417 2757 orto,

215 2785 364 2878 quedam
378 2786 515 2879 merula
529 2783 780 2874 uoluptabatur
800 2791 881 2854 ante
897 2786 1023 2855 faciem
1038 2787 1126 2872 eius,
1147 2789 1197 2857 ita
1214 2789 1311 2881 quod
1326 2797 1421 2861 tanta

215 2903 365 2992 uestigia
383 2901 577 2991 uoluptatis
601 2899 746 2990 reliquit
766 2899 802 2967 in
822 2923 904 2968 eum
919 2908 960 2969 ut
977 2902 1170 2971 claustrum
1193 2906 1325 2995 [suum]
1349 2930 1421 2996 pro·

217 3023 361 3107 poneret
385 3017 493 3099 exiro,
520 3016 791 3083 matrimonium
811 3016 1017 3086 contrahere
1038 3020 1128 3086 etin
1152 3019 1290 3089 deliciis
1314 3024 1420 3090 uitam

217 3132 357 3200 ducere.
373 3131 438 3199 Sed
457 3132 568 3222 gratia
588 3130 649 3198 Dei
666 3138 892 3199 succurrente
914 3134 1032 3201 statim
1052 3134 1192 3203 rediens
1207 3135 1316 3220 adse,
1335 3137 1422 3206 uidit

218 3248 347 3315 urticas
369 3254 404 3314 et
418 3269 542 3336 uepres
564 3245 746 3336 inquibus
766 3246 881 3315 nudus
902 3271 938 3316 se
955 3250 1113 3338 proiecit,
1134 3256 1168 3318 et
1189 3252 1240 3320 sic
1260 3252 1420 3321 ardorem

221 3363 410 3453 uoluptatis
426 3362 606 3429 extincxit.

285 3478 413 3546 Clauus
429 3478 523 3545 enim
544 3477 645 3545 clauo
661 3476 873 3560 retruditur;
898 3478 990 3548 liuor
1005 3479 1116 3549 liuore
1130 3488 1287 3550 sanatur.

271 3709 362 3766 XXX.
388 3739 423 3750 -
448 3709 499 3763 DE
524 3709 685 3763 ABBATE
713 3709 848 3765 PAULO
875 3711 1105 3767 SCINDENTE
1131 3713 1369 3776 SERPENTES

619 3807 666 3862 ET
693 3807 948 3863 SCORPIONES
975 3808 1025 3881 (3).

288 3957 404 4025 Abbas
428 3957 559 4025 Paulus
579 3956 723 4025 tenebat
742 3959 779 4024 in
794 3945 968 4026 'manibus
996 3966 1161 4029 cornutos
1186 3975 1368 4056 serpentes
1390 3975 1420 4037 et

223 4073 422 4164 scorpiones
438 4080 472 4141 et
487 4071 670 4140 scindebat
681 4095 743 4162 per
758 4072 932 4156 medium;
950 4075 1042 4164 quod
1058 4074 1219 4146 uidentes
1234 4080 1360 4152 iratres
1372 4086 1420 4152 in·

275 4233 314 4305 (t)
334 4236 368 4289 in
382 4235 581 4304 purificatione
604 4233 680 4288 boote
698 4236 796 4300 Morte,
822 4233 979 4301 secundam,
996 4237 1125 4306 Luctum,
1138 4239 1193 4294 ‚iia
1214 4271 1249 4281 —
1264 4243 1418 4318 Postquam

223 4320 338 4392 impleti
354 4328 422 4376 sunt
437 4323 499 4377 dies
515 4321 704 4393 purgacionis
719 4323 818 4377 Maria.

278 4411 313 4479 (25
334 4412 428 4466 the
446 4428 576 4467 sermon.

278 4499 314 4570 (3)
328 4502 472 4554 Dominica
495 4503 525 4554 in
540 4503 754 4570 septucpesima,
779 4501 930 4556 secundum
951 4503 1101 4566 diaeticum,
1120 4515 1194 4560 aaa
1207 4539 1243 4551 -
1258 4510 1359 4568 Simile
1380 4517 1418 4565 est

225 4603 348 4659 regnum
364 4587 496 4644 celorum
511 4589 625 4644 homini
641 4590 718 4660 patri
735 4588 863 4645 familias
877 4590 927 4660 qui
946 4592 1017 4646 exiit
1032 4591 1128 4662 primo
1139 4610 1239 4652 mane.
