3270 5626
613 515 847 568 conuento
871 515 1014 568 PRIMA.
1370 519 1416 570 ³65

215 659 441 731 aduersarius
461 658 596 728 domini
616 659 872 749 superueniens
890 659 1018 727 nititur
1038 681 1221 750 occupare,
1238 683 1362 729 arenas
1382 669 1417 730 et

215 776 368 846 calculos
398 774 546 843 iniciens
573 781 610 843 vt
637 774 761 857 elidet,
791 774 913 843 sordes
941 780 975 843 et
1002 774 1131 865 pelias,
1156 783 1194 844 vt
1216 776 1416 866 occupando

214 893 373 973 suffocet,
394 912 521 960 cenum
541 897 577 958 et
595 891 721 980 picem,
738 896 777 958 vt
794 890 1015 981 conglutinet
1033 912 1256 983 quecumque
1275 892 1416 961 nouerit

215 1009 355 1076 nociua.

283 1120 510 1191 Conetmctio.
522 1120 581 1190 Sic
595 1142 655 1189 eor
669 1128 844 1205 nostrum,
854 1120 984 1190 Christi
992 1121 1222 1213 conclave(m)
1237 1129 1272 1191 et
1283 1124 1418 1192 molen·

214 1237 352 1320 dinum,
373 1243 412 1305 vt
425 1258 495 1327 que
511 1236 574 1304 Dei
593 1243 676 1304 sunt
695 1237 810 1304 solum
831 1236 1089 1328 contempletur
1108 1244 1142 1305 et
1160 1238 1271 1306 molat
1288 1238 1418 1329 imper-

215 1360 362 1445 petuum
377 1358 633 1435 consecratum,
651 1353 681 1420 si
696 1360 817 1421 noster
830 1351 1066 1436 aduersarius,
1084 1359 1122 1421 vt
1141 1352 1208 1438 leo,
1227 1354 1369 1445 rugiens
1385 1362 1419 1423 et

216 1490 369 1559 querens
386 1489 492 1560 quem
507 1467 664 1551 deuoret,
675 1491 826 1536 vacuum
848 1469 1019 1550 inueniat,
1033 1490 1210 1536 annonam
1231 1492 1331 1538 suam
1351 1469 1418 1537 ini-

215 1607 293 1654 cere
309 1589 470 1654 conatur.
486 1584 529 1652 Et
543 1585 665 1652 scitote
680 1582 774 1676 qnod
788 1583 936 1652 humani
951 1582 1091 1675 generis
1106 1584 1269 1653 seductor
1282 1607 1418 1654 morem

215 1707 372 1769 castrum
389 1697 627 1768 obsidentium
647 1698 819 1781 imitatur,
836 1699 897 1791 qui
918 1698 1124 1768 debiliorem
1142 1706 1278 1793 partem
1300 1723 1419 1769 muro·

216 1838 293 1884 rum
304 1814 495 1906 diligenter
505 1815 701 1905 explorant,
711 1813 869 1905 adquam
883 1814 996 1883 iacula
1004 1815 1059 1884 sui
1071 1814 1210 1900 bellica,
1222 1822 1256 1884 et
1265 1817 1417 1885 maxime

216 1952 278 2021 per
298 1953 366 2022 que
389 1931 507 2021 sepius
527 1930 644 1998 solent
663 1929 838 2019 expedire,
857 1931 1067 2020 proiectant;
1090 1931 1141 1999 sic
1161 1931 1198 1999 in
1217 1933 1414 2024 proposito;

215 2068 275 2115 cor
295 2047 390 2114 enim
406 2044 563 2115 hominis
579 2051 734 2114 castrum
748 2051 812 2128 est,
830 2067 911 2113 cum
931 2046 1089 2137 quinque
1105 2046 1267 2115 sensibus
1286 2057 1320 2116 et
1342 2070 1418 2138 sep-

216 2169 289 2230 tem
301 2160 403 2230 donis
416 2160 566 2252 Spiritus
581 2162 693 2229 saneti
713 2161 1037 2244 circumuallatum3
1053 2160 1228 2230 custodias
1243 2185 1326 2254 ergo
1341 2162 1420 2230 dili·

215 2282 353 2368 genter,
371 2282 438 2346 etc.

346 2545 402 2599 v11
425 2543 533 2617 (XLI).
558 2576 592 2584 -
620 2545 671 2598 DE
700 2545 821 2600 ASINO
850 2545 1036 2601 NOLENTE
1057 2545 1208 2602 VENIRE
1237 2547 1287 2602 Ao

563 2643 896 2700 nuncluuuntuu
924 2643 1081 2700 brouls.

284 2846 374 2938 (Ful.
392 2847 447 2937 ll)
464 2847 532 2916 Leo
548 2845 657 2916 edixit
669 2853 707 2916 vl
720 2848 841 2915 omnia
860 2847 1166 2936 animaliacoram
1182 2870 1222 2916 eo
1242 2870 1421 2939 compare-

217 2968 308 3047 rent,
319 2968 365 3046 et,
376 2960 688 3054 illiscongregntis,
700 2963 805 3051 peciit
819 2963 849 3030 si
862 2960 956 3054 quod
971 2963 1104 3033 animal
1114 2962 1262 3031 abesset.
1277 2964 1339 3032 Cui
1351 2988 1421 3034 res-

216 3077 1421 3171 ponsumcratquodquidamllsinusaberat,inquodampratoviridi

216 3200 252 3264 et
263 3192 463 3263 delectabili
476 3193 585 3262 nimis
598 3216 635 3262 se
646 3192 836 3284 depascens
849 3192 1007 3264 delicate.
1018 3195 1085 3264 Pro
1099 3218 1170 3287 quo
1180 3194 1419 3286 producendo,

217 3309 357 3400 Lupum
388 3316 555 3401 tanquam
590 3310 717 3378 fortem
745 3317 779 3378 et
804 3310 956 3400 Vulpem
983 3316 1163 3402 tamquam
1194 3311 1419 3402 prudentem,

217 3448 364 3494 suorum
384 3431 548 3516 poscente
569 3424 733 3507 consilio,
757 3425 1030 3495 transmittebat.
1056 3426 1125 3508 Qui
1155 3427 1357 3496 accedentes
1379 3428 1420 3496 ad

217 3541 368 3609 Asinum
384 3547 633 3623 memoratum,
650 3540 717 3608 sibi
737 3542 955 3609 nunciarunt
970 3550 1007 3609 vt
1022 3564 1120 3609 more
1136 3541 1285 3610 aliorum
1303 3564 1420 3611 coram

217 3655 360 3724 domino
384 3679 448 3725 suo
468 3661 696 3746 compareret,
719 3655 818 3724 illins
842 3656 997 3726 edictum
1018 3656 1203 3725 humiliter
1222 3656 1418 3726 auditurus.

216 3771 284 3853 Qui
301 3771 514 3862 respondens
531 3770 619 3840 dixit
637 3794 674 3840 se
694 3771 757 3840 tali
773 3770 966 3864 preuilegio
981 3778 1111 3856 tutum,
1133 3772 1226 3863 quod
1243 3772 1285 3841 ab
1306 3774 1421 3841 omni-

217 3886 284 3955 bus
317 3886 444 3955 bannis
468 3893 503 3955 et
532 3887 656 3956 edictis
681 3887 983 3979 qualitercumque
1014 3888 1275 3979 emergentibus
1308 3888 1421 3956 fuerat

217 4010 412 4093 exemptus.
444 4001 572 4095 Nuncij
605 4003 675 4071 iam
700 4003 797 4087 dicti,
820 4009 858 4071 vt
891 4004 967 4072 eius
995 4003 1223 4096 priuilegium
1251 4003 1419 4095 legerent,

217 4118 417 4209 pecierunt;
448 4118 542 4210 quod
576 4120 707 4187 Asinus
746 4117 968 4188 concedebat.
999 4119 1240 4188 Altcrcacione
1278 4118 1422 4210 quidem

217 4240 337 4303 exorta
356 4235 449 4303 inter
469 4235 605 4325 Lupum
620 4241 654 4302 et
671 4234 821 4326 Vulpem
841 4235 921 4326 quis
942 4258 1063 4303 eorum
1084 4235 1228 4326 legeret,
1245 4257 1320 4303 sors
1334 4235 1423 4303 ceci-

215 4349 268 4419 dit
289 4373 395 4440 super
416 4350 580 4442 Vulpem,
609 4372 678 4441 que
704 4351 809 4439 peciit
830 4350 1065 4442 preuileginm
1087 4350 1153 4419 sibi
1173 4349 1419 4419 demonstrari.

218 4466 281 4535 Cui
297 4467 429 4534 Asinus
446 4466 559 4534 dixit:
578 4465 648 4534 Sub
662 4463 748 4555 pede
764 4464 886 4533 dextro
906 4467 1023 4534 leuato
1039 4467 1114 4557 lege
1135 4464 1361 4534 confidenter.
1380 4465 1424 4533 Et

217 4581 343 4672 Vulpis
369 4580 566 4650 accedentis
596 4581 717 4649 oculos
749 4581 975 4670 percutiendo
1003 4582 1147 4651 auulsit.
1177 4580 1276 4650 Vnde
1306 4582 1423 4672 anus
