3270 5626
389 482 435 532 288
607 479 758 532 ononis
784 479 835 531 DE
863 474 1077 533 cnalroala
1105 480 1353 533 PARABOLAE.

453 622 553 692 Vnde
572 623 717 714 quidam
736 622 861 692 habuit
882 625 1093 714 [pulchrum]
1120 625 1336 716 murilegum
1359 631 1395 693 et
1409 626 1589 717 pinguem,

387 749 421 808 et
439 739 529 808 dixit
548 741 579 807 ei
595 741 736 808 uicinus
753 760 761 806 τ
779 739 971 831 Murilegus
990 747 1072 809 tuus
1087 763 1150 831 pro
1170 739 1409 831 pulcritudine
1429 741 1542 832 fugiet
1561 749 1593 809 et

388 858 503 948 ipsum
527 857 678 925 amittes
700 856 799 924 Vnde
826 857 974 924 consilio
1008 859 1084 925 eius
1110 857 1256 927 caudam
1276 856 1441 941 abscidit,
1467 859 1592 947 pellem

387 972 592 1055 combussit,
610 973 709 1062 etsie
725 971 920 1064 murilegus
937 972 1032 1041 domi
1048 974 1230 1043 remansit.

416 1155 421 1163 .
452 1089 509 1158 Sic
529 1087 638 1158 caude
662 1088 853 1156 mulierum
872 1095 989 1156 essent
1015 1088 1263 1172 abscindendo,
1286 1088 1405 1180 capilli
1425 1088 1593 1158 tondendi

386 1209 444 1276 uel
453 1203 695 1288 comburendi,
709 1210 742 1272 et
757 1205 806 1272 sic
821 1226 1007 1272 remanens
1022 1206 1060 1273 in
1071 1204 1176 1274 domo
1189 1211 1287 1274 extra
1301 1228 1373 1274 non
1389 1212 1589 1297 uagaretur.

645 1374 734 1429 LVll.
762 1405 798 1414 -
822 1374 874 1428 DE
900 1375 1063 1430 ΑΒΒΑΤΕ
1088 1375 1329 1432 Arnanaslo

705 1472 754 1528 ET
779 1473 962 1529 Muciana
989 1473 1192 1530 TEXTRICE
1216 1472 1265 1546 (1).

452 1650 568 1720 Abbas
583 1650 840 1740 Atlt)hanasius
859 1649 952 1718 uidit
969 1650 1120 1741 quadam
1143 1649 1200 1720 die
1219 1651 1257 1720 in
1277 1650 1492 1720 Alexandria
1514 1674 1587 1720 mu·

388 1767 510 1835 lierem
524 1766 714 1833 testrictem
733 1764 779 1856 (2)
800 1771 960 1833 ornatam
977 1772 1011 1834 ct
1030 1766 1145 1848 fleuit;
1162 1766 1299 1834 discens
1313 1766 1384 1834 hiis
1404 1769 1466 1858 qui
1483 1768 1587 1836 inter·

386 1881 555 1973 rogabant
578 1904 658 1949 eum
679 1903 787 1973 quare
807 1883 915 1964 fleret,
940 1879 1100 1950 dicebat:
1119 1881 1272 1965 Domini,
1297 1880 1367 1951 due
1387 1889 1472 1951 sunt
1486 1906 1585 1953 cause

384 1999 512 2066 tletns:
534 2019 618 2080 una,
640 1998 724 2089 quia
743 1996 807 2064 hec
827 2004 881 2064 est
901 1995 1048 2087 perdita,
1076 1995 1158 2080 alia,
1180 1997 1262 2088 quia
1284 2019 1358 2066 non
1384 1996 1498 2066 habeo
1520 1999 1583 2067 tale

384 2113 540 2184 studium
556 2112 717 2204 placendi
733 2113 802 2180 Deo
822 2113 925 2202 quale
941 2111 1046 2181 habet
1060 2113 1128 2181 ista
1142 2112 1301 2204 placendi
1323 2112 1541 2183 hominibus.

651 2362 760 2418 LVlll.
786 2393 820 2404 -
847 2363 896 2417 DE
924 2362 1095 2428 0110111111
1120 2362 1319 2420 MATRONA

728 2460 776 2515 ET
801 2459 960 2515 ABBATE
985 2459 1164 2517 1118111110
1188 2459 1236 2532 13).

450 2638 605 2722 Quedam
627 2645 787 2706 matrona
805 2639 942 2728 rogauit
960 2637 1121 2708 abbatem
1136 2639 1382 2730 Arsen(n)ium
1397 2641 1491 2733 quod
1512 2664 1582 2710 ora·

384 2763 437 2825 ret
454 2778 516 2847 pro
536 2756 624 2846 ipsa.
647 2754 714 2835 Qui
731 2753 910 2843 respondit
925 2776 933 2823 ε
951 2754 1140 2845 Auf(f)erat
1158 2761 1192 2824 te
1211 2755 1306 2825 Deus
1320 2779 1342 2824 a
1361 2756 1466 2827 corde
1486 2761 1578 2826 meo!

385 2872 448 2940 llla
471 2893 556 2939 uero
580 2868 810 2939 scandalizata
833 2876 868 2938 et
890 2870 1001 2938 tristis
1025 2869 1209 2961 requisiuit
1229 2893 1250 2938 a
1274 2870 1429 2963 quodam
1453 2873 1580 2942 cursio

383 2986 538 3055 dixisset.
556 2986 623 3066 Qui
644 2985 823 3076 respondit
838 2985 929 3076 quod
951 2985 1016 3054 hoc
1035 2985 1124 3054 dixit
1143 2986 1185 3055 do
1200 2989 1431 3077 temptatione
1446 2992 1581 3080 audila-

384 3102 504 3183 renda,
520 3101 580 3169 sed
593 3108 709 3169 tamen
725 3107 803 3168 orat
816 3123 879 3190 pro
899 3124 947 3167 sc.

450 3216 713 3300 Verumtamen,
732 3217 813 3284 licet
832 3218 999 3284 mulieres
1019 3218 1089 3285 sint
1103 3217 1259 3303 uitanda,
1281 3242 1353 3287 non
1368 3226 1489 3292 tamen
1505 3231 1580 3292 sunt

383 3331 613 3400 abhorrendo.

418 3582 493 3637 LIX.
514 3613 549 3620 —
567 3581 618 3636 DE
643 3581 801 3638 SANCTO
829 3581 998 3636 lllLARIO
1025 3582 1073 3636 ET
1099 3583 1269 3649 ananau
1295 3585 1482 3644 MULIERE
1501 3592 1548 3661 (il.

448 3759 548 3827 Vnde
569 3758 719 3849 quedam
734 3758 862 3826 mulicr
879 3760 1034 3827 cucurrit
1057 3766 1135 3850 post
1152 3767 1312 3829 sanctum
1334 3763 1476 3833 Ylarem
1494 3768 1577 3856 (sic),

385 3899 489 3944 orans
508 3881 547 3942 ut
562 3875 675 3941 filium
687 3865 800 3941 'suum
817 3875 1053 3958 resuscitaret,
1071 3880 1105 3942 et
1120 3875 1179 3942 illo
1200 3898 1339 3967 semper
1353 3878 1504 3970 fugerat.
1521 3882 1581 3950 llla

383 3993 431 4059 ait
449 4012 456 4057 :
474 3991 649 4058 Memento
665 3990 758 4080 quod
780 3990 858 4057 talis
880 4013 983 4057 sexus
1003 3991 1125 4080 genuit
1143 3991 1334 4060 Christum.
1354 3993 1432 4074 Quo
1452 3997 1578 4081 audito,

383 4107 501 4175 statim
521 4129 684 4174 reuersus
699 4111 751 4172 est
771 4111 805 4172 et
824 4105 937 4173 filium
954 4128 1057 4173 suum
1077 4107 1311 4176 resuscitauit.

437 4294 474 4364 (l)
491 4295 582 4349 neme
600 4310 730 4348 sermon.

438 4383 476 4453 (2)
492 4383 572 4438 Ainsi
586 4399 662 4453 pour
678 4383 830 4437 lectricem.

436 4473 473 4544 (3)
490 4474 581 4526 Mdme
597 4488 724 4525 sermon.

436 4562 473 4630 (l)
490 4562 582 4615 lttme
595 4576 724 4615 sermon.
