3270 5626
346 494 392 543 3111
577 491 727 544 ODONIS
752 493 804 546 DE
830 492 1043 545 CERlTONA
1068 492 1316 543 PARABOLAE.

347 636 490 704 mentiri
505 644 747 720 consueuerat,
765 643 800 704 et
818 635 906 704 dixit
923 637 1092 726 magister
1105 634 1304 726 qu(oni)am
1318 633 1550 705 mendacissi-

348 773 428 818 mus
443 757 527 819 erat.
544 753 639 820 Dixit
653 753 811 842 sapiens:
831 752 901 820 iam
912 750 954 820 de
969 753 1045 842 ipso
1058 751 1215 841 despero,
1226 751 1310 842 quia
1320 749 1549 834 hocuicium,

251 892 254 898 ·
347 889 428 935 cum
449 868 495 935 sit
510 868 716 959 pessimum,
733 865 775 936 de
789 868 882 936 facili
899 870 1014 936 curari
1030 890 1102 935 non
1118 867 1259 957 poterit.

415 984 543 1052 Cantor
575 985 777 1073 parisiensis
798 983 888 1051 dixit
911 984 1079 1053 seruienti
1106 1005 1169 1052 suo
1195 980 1290 1073 quod
1314 983 1442 1051 mallet
1471 1007 1549 1053 eum

349 1121 424 1167 esse
440 1099 674 1180 luxuriosum,
696 1096 905 1181 adulterum,
924 1105 1003 1182 etc,
1019 1120 1125 1190 quam
1142 1097 1361 1167 mendacem.

349 1367 409 1422 XC.
437 1398 470 1408 -
496 1367 546 1423 DE
573 1367 727 1423 SANCTO
756 1366 925 1431 QUODAM
953 1367 998 1423 SE
1031 1367 1197 1423 tanuen
1225 1364 1469 1423 sluctnnrn
1501 1366 1550 1437 (1).

418 1545 454 1612 Si
485 1543 698 1612 ambiciosus
729 1566 777 1627 es,
809 1545 942 1634 respice
975 1544 1086 1612 uitam
1119 1545 1230 1613 sancti
1257 1543 1370 1626 illius,
1395 1545 1458 1634 qui
1488 1565 1550 1633 pro

352 1682 479 1752 magno
499 1682 615 1728 coram
635 1660 765 1750 populo
785 1659 995 1743 habebatur;
1018 1659 1090 1743 sed,
1112 1665 1153 1729 ut
1169 1661 1289 1729 fatuus
1310 1666 1545 1750 reputaretur,

352 1798 389 1845 se
408 1774 544 1843 nudum
564 1775 767 1865 expoliauit,
785 1781 820 1843 et
839 1797 956 1843 eoram
979 1775 1107 1865 populo
1130 1775 1342 1843 uestimenta
1366 1797 1431 1843 sua
1451 1777 1547 1843 lauit.

352 1890 414 1959 1116
446 1913 540 1975 vero,
569 1892 629 1981 qui
656 1889 844 1959 adduxerat
877 1890 1040 1959 homines
1067 1898 1106 1959 ut
1131 1892 1163 1959 ei
1192 1889 1334 1959 obviam
1371 1892 1547 1968 uenirent,
1626 1889 1632 1901 '

351 2006 442 2075 dixit
462 2027 469 2074 :
491 2007 742 2088 Reuertimini;
760 2028 867 2074 senex
884 2008 949 2074 iste
969 2012 1125 2075 mentem
1145 2007 1305 2075 excessit.
1327 2005 1548 2097 Veniensque

353 2121 395 2191 ad
420 2145 541 2190 senem
561 2121 649 2190 dixit
672 2143 679 2189 :
702 2122 815 2204 Quare
840 2121 905 2190 hoe
930 2122 1070 2191 fecisti?
1091 2122 1259 2190 Homines
1280 2122 1450 2191 dixerunt
1469 2123 1546 2213 quia

352 2238 556 2308 demonium
573 2238 691 2307 habes.
713 2237 780 2319 Qui
802 2238 983 2329 respondit
1005 2260 1011 2305 :
1030 2236 1072 2306 Et
1091 2261 1154 2330 ego
1171 2238 1269 2306 uolui
1290 2238 1356 2306 hoc
1371 2237 1506 2307 audire.

410 2506 482 2563 xct.
512 2538 547 2547 —
571 2507 622 2562 DE
649 2507 819 2574 QUODAM
846 2507 991 2563 JUDICE
1021 2507 1068 2561 ET
1091 2506 1250 2563 ABBATE
1279 2505 1417 2562 EOYSE
1447 2507 1497 2579 (2),

420 2684 569 2766 Quidam
584 2683 686 2753 iudex
701 2685 801 2753 uenit
815 2684 934 2753 uidere
950 2684 1104 2776 Moysen,
1122 2683 1310 2753 cui'clerici
1326 2682 1550 2774 precedentes

353 2799 543 2869 dixerunt:
561 2800 671 2884 Abba,
688 2823 833 2892 prepara
850 2807 894 2884 te,
913 2801 995 2891 quia
1010 2799 1116 2868 iudex
1131 2800 1230 2868 uenit
1243 2798 1366 2868 uidere
1381 2805 1428 2882 te,
1445 2806 1486 2868 ut
1498 2798 1552 2868 be

353 2915 536 2984 nedicatur
555 2924 633 2984 ate.
657 2916 723 2998 Qui
740 2917 857 2985 statim
873 2915 990 2985 induit
1009 2939 1045 2983 se
1066 2938 1177 2998 sacco,
1196 2922 1230 2983 et
1249 2921 1375 2983 tenens
1395 2915 1434 2982 in
1449 2937 1552 2982 manu

352 3054 479 3123 panem
496 3039 530 3099 et
539 3054 679 3100 caseum
696 3032 785 3100 sedit
798 3038 876 3099 ante
893 3031 1086 3121 (h)ostium,
1101 3031 1299 3099 comedens.
1314 3031 1415 3113 Quod
1431 3031 1554 3099 uidens

355 3145 458 3215 iudex
477 3149 610 3236 spreuit
629 3170 721 3215 eum.
745 3148 816 3215 Hoc
838 3148 913 3215 ideo
934 3148 1026 3229 fecit,
1045 3169 1089 3214 ne
1109 3169 1200 3214 uana
1221 3147 1333 3238 gloria
1359 3148 1552 3214 inflaretur.

443 3422 535 3479 XCII.
561 3455 596 3468 -
624 3427 674 3478 DE
703 3425 883 3479 Mourena
912 3423 1151 3479 SERPENTEM
1181 3423 1390 3478 Pnnlenrn
1419 3424 1472 3495 13).

423 3602 571 3692 Require
587 3624 594 3670 :
608 3602 693 3669 tales
709 3602 950 3670 assimilantur
963 3601 1116 3683 mulieri,
1134 3623 1214 3690 que,
1229 3624 1248 3667 a
1263 3599 1418 3690 quodam
1432 3599 1557 3669 incubo

356 3718 506 3807 cognita,
524 3725 720 3808 serpentem
740 3720 898 3808 concepit
923 3725 956 3786 et
977 3716 1121 3785 tandem
1144 3717 1290 3806 peperit.
1315 3716 1468 3806 Serpens
1493 3723 1559 3783 sta·

356 3834 420 3901 tim
436 3840 583 3903 matrem
605 3857 704 3902 suam
725 3834 909 3901 interfecit.

423 3951 570 4041 Serpens
591 3952 656 4018 iste
676 3958 728 4018 est
747 3952 947 4018 tortuositas
963 3971 1067 4040 quam
1087 3950 1207 4016 anima
1228 3948 1394 4038 concipit,
1418 3946 1558 4038 quando

357 4065 516 4134 diabolus
529 4069 713 4135 consentit.
728 4067 835 4149 Parit,
853 4089 933 4133 cum
950 4072 1129 4155 peccatum
1144 4071 1332 4155 perpetrat,
1346 4070 1380 4131 et
1391 4070 1478 4131 tunc
1489 4064 1561 4132 ani-

412 4309 449 4379 (1)
467 4310 559 4364 the
573 4326 702 4364 sermon.

412 4400 448 4469 (2)
465 4400 555 4454 Meme
571 4417 702 4456 sermon.

412 4487 448 4557 (3)
465 4489 558 4544 Sermo
582 4490 614 4543 de
633 4492 759 4545 missione
777 4491 920 4544 Pur-mliii.
939 4490 1075 4542 Introitus
1094 4484 1360 4540 0611οΜ00000-
1379 4484 1509 4554 Spiritus
1523 4484 1558 4538 do

360 4576 431 4630 mini
448 4577 576 4647 repleuit
590 4579 692 4634 orbem
709 4586 867 4634 terrarum.
