3270 5626
627 479 857 533 counacrlo
881 479 1020 530 PRIMA.
1379 484 1425 533 385

223 631 315 696 tiens
335 626 500 708 voluerit,
529 623 719 693 obumbrat
737 622 961 715 splendorem
982 623 1071 691 lucis
1093 645 1184 704 mee,
1202 630 1238 691 et
1257 624 1425 716 quicquid

223 767 285 835 per
305 742 458 810 calorem
478 739 618 808 aridum
640 741 708 808 feei
729 741 880 830 ipseper
899 739 1039 831 ymbres
1060 745 1095 807 et
1114 761 1210 808 rores
1234 740 1422 810 madificat.

222 862 299 942 Quo
318 857 451 939 audito,
473 857 641 948 processit
663 855 707 924 ad
726 855 876 935 Nubem‚
899 855 1019 924 dicens
1043 855 1252 925 salutando:
1279 855 1426 925 Validis-

221 977 312 1044 sime
331 974 484 1054 domine,
503 995 545 1040 ex
565 995 635 1063 quo
655 971 816 1061 procellis
836 994 958 1039 omnes
978 971 1068 1039 alios
1082 970 1240 1039 dominia
1261 976 1296 1040 et
1314 977 1426 1062 potes-

222 1098 305 1175 tate,
321 1089 402 1158 volo
417 1088 509 1180 quod
529 1086 659 1157 habeas
672 1087 781 1156 filiam
797 1110 912 1156 meam
928 1088 965 1155 in
980 1110 1138 1155 uxorem.
1156 1087 1222 1156 Cui
1237 1088 1297 1156 ille
1313 1109 1320 1155 :
1334 1089 1426 1157 Vera

220 1207 366 1276 domina
384 1204 474 1288 Mus,
496 1201 747 1272 nonobstante
769 1203 889 1293 aliqua
913 1209 1082 1293 potestate
1101 1225 1192 1287 mea,
1213 1203 1425 1294 estquidam

223 1323 390 1391 dominus
410 1326 598 1411 prepotens
618 1325 653 1387 et
672 1341 876 1411 pomposus,
898 1319 960 1409 qui
979 1341 1035 1386 me
1054 1340 1193 1408 semper
1213 1319 1422 1410 insequitur,

222 1447 258 1508 et
270 1437 447 1506 violenter
460 1436 614 1528 percutit
629 1442 664 1503 et
682 1433 863 1525 dispergit,
885 1440 919 1502 et
939 1457 994 1502 me
1010 1433 1052 1503 de
1069 1435 1145 1503 loco
1164 1434 1206 1503 ad
1222 1435 1338 1503 locum
1354 1437 1426 1526 agi·

222 1562 298 1623 tare
316 1575 387 1621 non
403 1557 527 1634 cessat,
545 1573 606 1641 pre
622 1551 723 1619 cuius
738 1551 865 1619 timore
884 1551 1080 1639 peremnia
1095 1551 1268 1641 fugitiuus
1287 1550 1423 1633 incedo,

221 1677 258 1740 et
282 1671 313 1738 si
336 1690 393 1737 me
415 1669 571 1758 arripere
597 1667 736 1758 poterit,
761 1666 805 1736 ad
833 1673 961 1735 terram
991 1673 1026 1735 et
1053 1689 1150 1736 mare
1177 1669 1367 1757 prosternit
1392 1674 1426 1737 et

221 1783 463 1876 demergitur
474 1783 568 1876 quod
583 1789 637 1852 est
650 1804 780 1851 nomen
796 1783 894 1850 eius?
905 1783 1021 1872 inquit
1035 1782 1126 1851 Mus.
1143 1781 1212 1864 Qui
1223 1783 1424 1875 respondit:

218 1898 371 1985 VentuS,
389 1901 451 1991 qui
472 1922 534 1990 per
557 1903 707 1989 quatuor
733 1905 849 1988 partes
867 1897 992 1966 mundi
1012 1897 1226 1967 dominatur.
1249 1899 1425 1969 Recedens

220 2017 299 2087 Mus
322 2017 421 2084 venit
444 2015 487 2083 ad
509 2014 676 2098 Ventum,
698 2020 745 2098 et,
764 2014 853 2082 facta
877 2014 1106 2096 salutacione,
1124 2014 1214 2082 dixit
1230 2015 1309 2083 Mus
1326 2036 1335 2083 ε
1355 2015 1426 2084 Me·

219 2131 351 2202 tuende
366 2130 520 2212 domine,
533 2152 594 2220 pre
606 2129 772 2198 omnibus
786 2128 1008 2220 dominlar)is
1023 2153 1129 2220 quem
1143 2131 1263 2198 omnia
1278 2138 1424 2199 tremes-

220 2255 318 2330 cunt,
333 2268 414 2317 ecce
434 2246 543 2314 liliam
558 2266 674 2314 meam
691 2244 825 2314 adduco
846 2252 880 2313 et
894 2243 958 2312 tibi
974 2246 1126 2334 principi
1140 2246 1333 2313 fortissimo
1346 2268 1423 2314 eam

219 2363 447 2433 matrimonio
472 2360 571 2430 trado
596 2360 842 2452 copulandam,
872 2383 914 2428 ex
940 2383 1010 2450 quo
1039 2362 1200 2452 potestati
1228 2368 1287 2430 tue
1311 2360 1424 2430 nichil

219 2486 334 2573 potest
358 2479 535 2548 resistere.
563 2477 627 2546 Cui
652 2478 786 2545 Ventus
813 2496 820 2543 :
846 2477 942 2544 Licet
970 2477 1071 2544 fortis
1097 2476 1235 2546 viribus
1260 2476 1421 2561 existam,

219 2594 316 2687 quod
336 2594 472 2675 domos,
497 2592 638 2660 arbores
662 2598 697 2661 et
717 2599 832 2661 cetera
853 2614 982 2683 magna
1010 2600 1232 2682 prosternere
1252 2594 1423 2685 pluraque

218 2709 400 2780 mirabilia
412 2709 525 2778 faeere
536 2714 668 2800 potero,
685 2706 940 2777 nichilominus
956 2716 1009 2778 est
1020 2707 1078 2777 hic
1093 2709 1132 2777 in
1147 2711 1305 2799 proximo
1316 2709 1424 2800 quod-

218 2827 301 2897 dam
320 2824 511 2895 Castellum
530 2846 637 2913 super
657 2846 780 2914 rupem
801 2825 977 2913 petrinam
997 2825 1201 2894 firmissime
1220 2825 1421 2908 fundatum,

217 2942 314 3035 quod
332 2963 462 3031 perocc
483 2962 594 3008 annos
615 2938 782 3008 omnibus
804 2938 939 3007 viribus
958 2941 1048 3009 meis
1070 2940 1238 3010 subruere
1259 2947 1294 3010 et
1312 2944 1424 3033 preci-

218 3060 332 3151 pitare
346 3079 418 3126 non
438 3057 553 3146 potui3
570 3055 663 3124 vnde
678 3054 790 3123 fateor
804 3053 892 3123 illud
911 3055 1044 3123 fercius
1062 3078 1131 3124 me.
1150 3055 1286 3139 Quibus
1304 3056 1420 3140 dictis,

217 3175 297 3243 blus
318 3194 400 3241 cum
414 3172 486 3240 tilia
501 3171 694 3241 Castellum
714 3169 817 3253 adiit;
834 3170 891 3238 cui
912 3176 947 3238 et
966 3169 1077 3239 dixit:
1103 3172 1340 3242 lnuietissime
1359 3174 1423 3243 do-

217 3286 415 3372 minatibi
430 3309 536 3378 quem
556 3285 678 3354 nullus
697 3291 811 3376 potest
829 3286 970 3354 vincere
990 3285 1079 3355 duco
1104 3287 1214 3356 filiam
1240 3311 1368 3373 meam,
1385 3297 1422 3357 vt

217 3427 299 3474 eam
313 3403 443 3472 habeas
462 3404 500 3470 in
519 3423 678 3507 uxorem.
694 3402 757 3469 Cui
777 3401 957 3490 respondit
976 3403 1167 3471 Castellum
1189 3425 1197 3470 :
1222 3406 1316 3474 Licet
1333 3406 1423 3475 forte

217 3522 301 3599 sim,
325 3525 361 3588 et
382 3519 483 3610 quasi
509 3515 759 3608 insuperabile,
781 3522 972 3586 esttamen
998 3517 1149 3609 quedam
1175 3542 1284 3610 parua
1312 3520 1424 3590 bestia

217 3658 287 3728 que
303 3656 360 3703 me
379 3634 533 3703 multum
553 3632 708 3716 infestat,
727 3655 919 3723 murosque
934 3657 1032 3702 meos
1052 3635 1208 3718 suffodit,
1226 3643 1272 3718 et,
1293 3659 1349 3705 me
1369 3638 1423 3705 in-

217 3754 306 3835 uito,
318 3773 381 3843 per
390 3772 560 3819 cauernas
573 3748 772 3841 ingreditur
781 3755 815 3817 et
824 3748 1003 3841 egreditur
1013 3772 1020 3832 ;
1032 3749 1164 3820 cibaria
1176 3774 1256 3820 mea
1270 3751 1423 3821 eomedit

217 3876 251 3937 et
262 3867 454 3948 consumit,
470 3872 517 3948 et,
539 3864 632 3954 quod
647 3865 840 3956 pessimum
856 3870 920 3948 est,
938 3888 994 3933 me
1010 3866 1074 3934 sub
1087 3866 1234 3956 pedibus
1250 3868 1323 3936 suis
1338 3890 1422 3936 con·

216 3982 333 4052 culcat
348 3989 383 4050 et
394 4004 501 4071 super
513 3979 627 4071 capud
641 4002 761 4048 meum
777 3988 930 4049 stercora
945 4004 1007 4049 sua
1023 3981 1096 4070 (sol.
1110 3981 1165 4071 21)
1182 3981 1346 4065 dimittit:
1363 3985 1419 4051 cui

215 4097 317 4167 nulla
333 4098 451 4180 ianua,
473 4096 629 4186 (blostia,
646 4096 809 4178 fenestre,
826 4119 888 4164 scu
909 4095 1026 4186 aliqua
1045 4097 1146 4165 firma
1160 4098 1323 4166 clausura
1341 4122 1422 4189 pos-

216 4217 301 4282 sunt
320 4212 483 4280 resistere
498 4218 560 4280 aut
577 4211 773 4295 excludere,
788 4218 823 4280 et
842 4211 892 4279 sic
906 4234 1012 4301 supra
1031 4234 1087 4280 me
1107 4214 1278 4302 presumit
1292 4212 1421 4282 habere

216 4328 417 4399 dominium
433 4327 650 4396 ineuitabile.
668 4328 779 4409 Certe,
796 4326 884 4394 dixit
893 4326 982 4411 Mus,
1000 4329 1266 4418 potentissimus
1278 4336 1330 4397 est
1345 4330 1417 4409 ille,

216 4451 250 4513 et
269 4443 365 4536 quod
380 4450 433 4512 est
451 4466 581 4511 nomen
601 4443 701 4510 eius?
716 4441 907 4530 Respondit
925 4442 1138 4511 Castellum:
1163 4443 1324 4526 Domina,
1342 4445 1421 4512 Mus

215 4566 375 4630 uocatur.
392 4558 463 4651 Eya
477 4581 573 4650 ergo,
590 4557 680 4626 dixit
692 4557 770 4625 llus
786 4556 828 4625 ad
843 4557 953 4625 liliam
969 4582 1081 4643 suam,
1099 4582 1178 4628 ecce
1190 4582 1286 4629 nunc
1300 4582 1422 4650 exper-

1267 4695 1297 4744 aa
