3270 5626
215 497 260 548 au
324 492 433 546 vans
460 477 577 545 omns
602 493 686 544 rra
711 492 844 547 nuans
872 493 982 546 unns
1007 493 1080 546 sna
1105 491 1308 546 araucas.

327 637 456 706 Elevor
475 636 512 702 in
532 635 669 725 primis,
690 657 814 727 regno,
835 658 914 720 ruo,
936 642 1054 706 vertor
1072 637 1112 705 in
1131 637 1232 720 imis;

328 752 467 821 Glorior
488 751 613 834 elatus,
634 750 808 820 descendo
829 751 1079 834 mortificatus;

327 864 504 959 Regnab0,
527 889 649 957 regno,
671 867 828 958 regnavi,
851 890 932 936 sum
951 867 1029 936 sine
1049 889 1169 959 regno.

325 1080 422 1150 Scire
441 1087 540 1171 potas
557 1102 672 1149 mores
692 1102 755 1171 per
774 1087 893 1149 motus
912 1081 1114 1150 exteriores.

326 1295 474 1387 (lolligo,
496 1300 592 1385 poto,
614 1294 705 1380 cibo,
729 1294 839 1378 solvo,
861 1299 954 1387 tege,
974 1294 1091 1378 visito,
1113 1293 1226 1364 condo
1242 1295 1303 1384 (i).

326 1509 471 1600 Semper
490 1506 691 1591 inardescit,
713 1530 785 1576 non
807 1516 931 1590 cessat,
952 1530 1018 1576 nec
1038 1507 1238 1599 requiescit.

324 1721 381 1790 Sic
395 1719 499 1805 cedit,
517 1722 567 1790 sic
581 1727 719 1811 compta
733 1721 815 1807 fuit,
833 1723 885 1790 sic
900 1721 1043 1791 flamina
1058 1718 1167 1790 nevit.

417 1933 453 2003 Si
468 1935 523 2002 vis
538 1935 678 2002 felicem
694 1934 829 2016 tatere,
847 1933 952 2003 redde
969 1935 1092 2003 vicem.

324 2139 415 2207 Dum
429 2139 502 2207 fero
519 2138 716 2230 langorem,
735 2139 809 2207 iero
825 2137 1009 2230 religionis
1023 2161 1196 2222 amorem;

324 2254 456 2344 Expers
475 2254 642 2345 langoris
664 2276 736 2322 non
756 2276 835 2321 sum
855 2277 992 2322 memor
1011 2254 1118 2346 hujus
1137 2255 1280 2323 amoris.

323 2459 509 2550 interpone
529 2460 600 2528 tuis
620 2457 799 2526 interdum
816 2456 944 2550 gaudia
963 2461 1071 2527 curis.

323 2663 461 2753 Linque
481 2685 567 2731 coax
586 2664 695 2747 ranis,
717 2686 794 2732 cras
813 2663 940 2746 corvis,
962 2685 1122 2755 vanaque
1140 2663 1241 2732 vanis
1263 2683 1270 2730 :

321 2777 375 2846 Ad
395 2778 545 2870 logicam
565 2800 672 2870 pergo
691 2800 769 2870 quae
789 2780 912 2848 mortis
932 2801 1002 2847 non
1021 2779 1124 2847 timet
1139 2801 1235 2871 ergo.

321 2983 507 3073 Quumque
521 2983 743 3073 flagellamur
762 2983 927 3067 modulis,
948 2990 988 3051 ut
1007 2985 1252 3073 corripiamur,

323 3099 367 3167 Ut
385 3099 427 3167 dc
448 3122 615 3190 germana
634 3100 745 3191 Moysi
765 3100 895 3191 iegitur
915 3099 1005 3168 riraic
1026 3123 1122 3167 sana.

320 3215 381 3282 Est
400 3216 460 3304 qui
482 3221 676 3305 torquetur,
700 3216 791 3283 Deus
811 3222 850 3283 ut
870 3216 919 3282 sic
934 3215 1161 3306 glorificetur.

322 3329 366 3397 Ut
384 3353 496 3398 crocus
515 3337 631 3414 natue,
654 3331 788 3398 nuliius
808 3330 886 3398 labe
909 3338 1035 3412 reatus

318 3445 368 3512 No
389 3446 498 3513 iustus
519 3454 650 3537 surgat,
672 3446 790 3537 piures
810 3448 952 3515 aillictio
973 3453 1114 3538 purgat3

318 3561 486 3652 Angelus,
508 3569 547 3629 ut
566 3561 739 3645 Sathanae,
763 3563 872 3630 Paulo
892 3562 993 3630 datus
1013 3569 1076 3645 ost,
1099 3585 1163 3630 nec
1185 3564 1290 3631 inane

320 3677 410 3746 Sunt
429 3679 490 3768 qui
511 3685 732 3767 torquentur,
755 3684 795 3745 ut
814 3679 938 3767 purius
959 3679 1218 3757 examinentur,

319 3792 363 3861 Ut
384 3795 531 3860 recitant
553 3801 659 3875 vates,
681 3793 746 3861 lob
766 3800 891 3884 agente
912 3817 973 3884 por
992 3795 1111 3861 onmia
1131 3799 1260 3884 grates.

318 3908 378 3975 Est
395 3909 456 3999 qui
476 3915 670 3998 torquetur,
693 3915 733 3976 ut
752 3892 919 4000 perpetuo
939 3911 1127 3977 crucietur.

316 4023 482 4091 Cladibus
502 4024 648 4092 Herodis
668 4025 780 4107 lectiS,
804 4026 868 4093 tibi
889 4027 972 4093 talia
992 4025 1121 4115 prodis.

319 4229 409 4297 Dum
431 4237 532 4296 teneo
551 4230 685 4312 ilorom,
708 4229 792 4297 dum
813 4231 926 4298 sentio
944 4230 1039 4298 lloris
1059 4231 1216 4300 odorem.

317 4345 490 4412 Praeteriti
511 4346 619 4412 moris
642 4347 837 4435 veterisque
859 4345 1022 4414 recordor
1041 4349 1183 4415 amoris.

257 4574 294 4648 (1)
311 4575 331 4630 li
350 4576 432 4650 s’agit
447 4578 519 4634 dans
533 4594 565 4633 co
581 4594 646 4634 vers
666 4577 716 4634 des
732 4583 796 4650 sept
815 4594 928 4634 oeurros
941 4578 976 4635 de
991 4577 1019 4634 ia
1034 4579 1157 4634 ciraritd.
