3270 5626
714 510 901 562 FABULAE.

498 751 548 805 xr.
577 783 597 792 -
639 753 760 822 [ruins
787 755 922 809 nurus
947 755 996 810 er
1022 754 1119 826 uos]

649 929 734 993 aue
755 936 801 995 de
823 938 962 995 eodem.

271 1114 370 1182 Rana
390 1115 477 1182 vidit
498 1116 627 1184 Bouem
651 1124 864 1207 pascentem,
887 1124 923 1186 et
943 1118 1106 1187 credebat
1126 1142 1162 1186 se
1184 1120 1234 1187 sic
1253 1141 1413 1211 grossum

207 1229 295 1311 fieri,
310 1236 345 1297 et
358 1231 417 1320 [vt]
433 1231 561 1321 pellem
574 1255 738 1322 rugosam
750 1233 889 1302 intlaret
903 1239 937 1301 et
952 1234 1116 1325 impleret
1127 1241 1245 1319 vento,
1257 1235 1415 1303 suissauit

209 1345 330 1436 igitur,
351 1352 386 1413 et
400 1347 473 1414 suis
491 1348 583 1415 natis
603 1346 714 1416 dixit:
732 1348 867 1417 Sumne
887 1355 1019 1438 quanta
1040 1350 1106 1417 Bos
1126 1353 1200 1417 est‘t
1218 1349 1415 1439 Responde·

209 1467 292 1528 mut
324 1483 331 1530 :
355 1461 443 1529 Nou.
472 1462 611 1532 intlauit
632 1464 763 1532 iterum
784 1471 819 1532 et
840 1465 1006 1555 quesiuit.
1030 1465 1072 1532 Et
1098 1488 1306 1555 responsum
1329 1471 1412 1534 est:

208 1575 305 1645 Nihil
332 1578 364 1645 ei
392 1578 520 1647 simile.
548 1579 663 1647 Tertio
689 1580 739 1648 sic
765 1581 903 1648 intlauit
928 1604 964 1648 se
984 1579 1078 1671 quod
1102 1586 1205 1671 mpta
1227 1581 1318 1672 pelle
1340 1603 1415 1651 cre-

210 1692 285 1780 puit
305 1699 341 1760 et
354 1699 492 1762 mortua
511 1701 575 1762 est.

276 1807 358 1876 ideo
379 1809 570 1900 vulgariter
590 1809 745 1878 dicitur:
768 1812 848 1880 Noli
868 1820 901 1880 te
922 1819 1058 1879 tantum
1079 1812 1204 1879 inflare
1225 1819 1259 1880 vt
1280 1834 1412 1903 crepes.

520 2077 591 2132 xit.
620 2109 655 2119 -
679 2079 825 2149 [EQUUS
854 2080 901 2133 ΕΤ
930 2078 1099 2149 Astreus]

655 2257 746 2318 Alte
768 2260 813 2318 de
835 2261 973 2319 eodem.

278 2442 412 2530 Equus,
431 2446 575 2509 ornatus
596 2441 684 2509 cella
704 2442 779 2532 (sic)
799 2442 924 2510 decora
942 2442 1112 2532 frenoque
1132 2464 1238 2509 aureo
1257 2448 1413 2526 ornatus,

213 2557 367 2625 occurrit
380 2556 490 2624 Asino
499 2563 638 2640 onusto,
656 2558 717 2647 qui
731 2559 762 2625 ei
773 2559 970 2641 noncessit,
983 2559 1066 2648 quia
1080 2563 1246 2625 oneratus
1258 2557 1416 2626 etlassus

213 2679 303 2756 crat3
322 2679 358 2740 et
371 2670 460 2740 dixit
475 2673 595 2764 Equus
618 2695 625 2742 :
643 2674 718 2740 Nisi
736 2696 793 2741 me
813 2675 1042 2757 continerem,
1056 2680 1090 2742 te
1106 2672 1261 2741 calcibus
1277 2695 1416 2764 rumpe·

212 2811 298 2871 rem,
326 2788 410 2878 quia
433 2789 524 2856 mihi
545 2790 745 2857 occurrenti
769 2812 840 2857 non
863 2790 998 2857 cessisti
1018 2789 1075 2857 vel
1098 2789 1223 2857 saltem
1243 2789 1280 2856 in
1302 2811 1417 2880 genua

211 2926 283 2972 nou
304 2904 473 2972 cecidisti.
492 2904 716 2994 Territusque
731 2905 863 2973 Asinus
879 2928 939 2995 pre
955 2906 1031 2973 eius
1051 2902 1227 2995 superbia,
1248 2910 1368 2972 tacens
1383 2910 1418 2972 et

212 3029 371 3111 gemens,
390 3021 540 3088 transiit.
559 3020 600 3087 Et
615 3043 686 3087 non
701 3021 853 3089 multum
870 3027 947 3110 post
963 3021 1095 3111 Equus,
1113 3025 1237 3110 ruptus
1252 3042 1292 3089 ao
1307 3020 1417 3089 maci-

210 3135 327 3203 lentus
353 3137 508 3219 effectus,
532 3136 575 3203 ad
604 3136 726 3203 villam
756 3136 882 3204 ductus
907 3144 972 3218 est,
1000 3143 1038 3204 rt
1066 3137 1103 3203 in
1130 3159 1232 3226 agros
1265 3142 1418 3227 portaret

213 3258 379 3320 stercora.
401 3252 561 3341 Acceptis
586 3252 704 3342 itaque
725 3253 866 3320 rusticis
882 3253 1139 3332 instrumentis,
1154 3273 1216 3340 per
1229 3252 1325 3319 viam
1344 3250 1417 3319 ibat

212 3367 425 3437 stereoribus
436 3373 614 3436 oneratus.
627 3368 738 3449 Quem
750 3373 821 3434 tam
832 3367 1010 3434 infelicem
1022 3367 1153 3434 Asinus
1165 3368 1253 3456 ipse,
1267 3368 1304 3434 in
1316 3374 1415 3456 prato

209 3505 372 3573 pascam,
394 3484 609 3574 recognouit,
630 3489 664 3550 ct
682 3483 795 3551 dixit:
819 3482 884 3550 Vbi
909 3489 992 3550 suut
1011 3505 1107 3550 nunc
1128 3483 1190 3550 illa
1208 3490 1416 3550 ornamenta

210 3600 381 3688 preciosa,
405 3597 592 3690 inquibus
622 3597 760 3688 pridem
787 3597 999 3687 superbisti?
1022 3598 1126 3665 Vtere
1152 3619 1258 3681 nunc,
1294 3598 1413 3679 miser,

211 3713 468 3804 nobiscumque
485 3715 698 3782 rusticorum
718 3713 887 3781 oneribus
902 3720 936 3781 et
951 3714 1182 3781 ornamentis.

489 3982 577 4036 x111.
609 4011 644 4022 -
675 3980 846 4051 [CERVL'S
875 3981 927 4035 AD
953 3980 1139 4051 FONTEE.]

653 4161 742 4221 Alta
763 4165 807 4221 de
831 4163 970 4221 eodem.

279 4351 429 4429 Coruus,
451 4345 574 4415 bibens
594 4345 635 4412 de
657 4346 767 4425 ionic,
791 4367 922 4413 cornua
937 4368 1000 4412 sua
1017 4345 1055 4412 in
1071 4369 1111 4412 eo
1131 4366 1259 4436 magna
1276 4342 1365 4412 vidit
1383 4349 1418 4410 et

217 4464 382 4553 insignia,
397 4469 430 4530 et
445 4461 595 4530 multum
611 4462 712 4528 ineis
727 4459 982 4551 gratulabatur.
995 4461 1049 4543 Et,
1064 4458 1148 4528 dum
1165 4459 1310 4542 biberet,
1320 4457 1418 4527 audi·

216 4580 474 4648 uittumultum
490 4582 697 4646 venatorum
714 4584 748 4644 et
762 4599 889 4666 cauum
906 4577 1082 4666 propium,
1094 4583 1266 4667 quantum
1281 4580 1316 4644 ot
1328 4574 1420 4665 fugit
