3270 5626
724 493 912 546 FABULAE.
1370 501 1416 550 449

213 662 293 723 nec,
310 640 476 731 fatigatus
497 643 532 705 et
551 637 700 705 vlterius
720 636 882 728 progredi
902 659 974 704 non
993 638 1126 720 valens,
1149 639 1274 707 cecidit
1296 640 1332 707 in
1348 648 1417 708 ter-

214 778 304 838 ram,
322 755 423 845 quasi
438 759 611 837 mortuus,
629 753 688 821 vix
701 753 874 821 anelitum
894 775 998 819 suum
1019 753 1173 821 trahens.
1193 754 1305 844 Lepus
1319 778 1414 840 vero,

215 871 464 961 retrospiciens
478 876 513 936 et
523 868 647 936 videus
662 875 875 958 prostratum
890 873 994 948 terre,
1008 870 1209 952 reuertitur,
1221 871 1341 939 dicens
1357 873 1388 939 ei
1407 894 1414 940 :

215 986 347 1070 Redde,
375 987 497 1067 miser,
528 984 621 1075 quod
647 983 807 1066 vadiasti‚
829 984 998 1075 quoniam
1027 984 1142 1052 deuici
1169 992 1215 1053 te.
1239 986 1302 1054 Cui
1330 988 1414 1055 ille:

214 1105 315 1172 Certe
333 1101 510 1183 mentiris;
529 1099 703 1191 quomodo
720 1100 864 1168 vicisses
880 1100 939 1189 qui
961 1122 1143 1189 nunquam
1164 1107 1341 1170 certamen
1357 1126 1416 1170 ex·

215 1218 375 1310 pectasti,
398 1216 458 1285 sed
481 1238 619 1304 semper
635 1215 732 1282 fuisti
749 1215 786 1281 in
807 1213 1000 1305 fugiendo?
1017 1215 1060 1281 Et
1079 1215 1192 1306 Lepus
1210 1237 1218 1284 ε
1236 1218 1310 1284 Mea
1332 1218 1414 1310 fuga

216 1333 366 1402 victoria
387 1331 580 1422 reputanda
607 1336 670 1414 est,
695 1353 763 1421 que
782 1336 816 1397 te
836 1331 886 1397 sic
908 1329 1068 1421 fatigauit
1087 1331 1178 1399 etad
1199 1338 1326 1400 terram
1338 1355 1418 1425 pro-

218 1449 387 1540 [s]trauit;
401 1449 489 1539 quin
504 1448 622 1531 etiam,
640 1447 745 1537 quite
762 1468 832 1513 non
853 1447 951 1536 potui
967 1445 1143 1529 dentibus,
1161 1447 1276 1516 deuici
1293 1450 1416 1517 saltem

215 1564 375 1658 pedibus.
1422 1567 1430 1573 ’

284 1681 341 1748 Sic
356 1680 447 1771 fugit
466 1685 501 1746 et
521 1678 606 1746 vicit
623 1676 765 1767 Joseph,
783 1676 922 1759 Genesi,
945 1678 987 1746 39
1005 1677 1065 1767 (t).
1084 1677 1184 1746 Vnde
1204 1679 1280 1748 Cor.
1305 1705 1327 1747 v
1344 1681 1390 1772 (2)
1408 1703 1415 1750 :

217 1797 342 1888 Fugite
368 1795 654 1876 fornicacionem,
676 1798 740 1860 etc.
759 1792 802 1859 Et
825 1792 1045 1883 Augustinus
1069 1816 1174 1883 super
1200 1797 1417 1864 sentenciam

217 1912 378 2002 Prosperi
408 1933 536 1983 ccxxxv
561 1930 569 1978 ε
590 1907 752 1976 Meliores
777 1914 860 1975 sunt
884 1908 945 1998 qui
976 1908 1118 1999 fugiunt
1142 1908 1322 1979 diabolum
1344 1934 1419 2001 per·

218 2033 435 2120 sequentem,
458 2048 564 2117 qnam
585 2025 645 2116 qui
666 2024 903 2114 scqu[u]utur,
927 2046 1008 2091 cum
1030 2025 1159 2092 melius
1181 2027 1226 2093 sit
1253 2049 1334 2094 eum
1359 2026 1419 2096 ha-

221 2145 302 2212 bere
322 2142 459 2210 hostem
474 2164 581 2232 quam
597 2140 803 2230 principem.

520 2399 624 2454 LXXI.
652 2429 688 2438 -
714 2397 855 2469 [URSL'S
884 2398 932 2451 ET
961 2398 1112 2468 LUPUS.}

529 2565 582 2621 De
603 2563 836 2634 prelatorum
857 2561 1105 2634 negligencia.

284 2739 407 2821 Vrsus,
431 2738 497 2804 iter
512 2735 684 2825 arripiens
701 2733 744 2802 ad
759 2740 889 2801 terram
909 2740 1078 2817 sanctam,
1097 2734 1233 2803 dimisit
1252 2738 1419 2825 pauculas

216 2877 302 2924 oues
322 2877 403 2922 suas
425 2853 521 2943 Lupo
539 2852 654 2919 vicino
675 2873 738 2917 sue
758 2848 1016 2934 custodiendas,
1040 2849 1149 2919 donec
1168 2858 1416 2934 reuerteretur‚

218 2973 337 3062 Lupus
357 2969 531 3059 recipiens
551 2965 616 3035 suh
637 2967 835 3034 iuramento
856 2964 948 3057 quod
969 2965 1097 3034 bonam
1117 2989 1237 3035 curam
1254 2969 1304 3035 eis
1320 2968 1419 3037 adhi-

216 3087 327 3156 beret.
342 3086 428 3154 Cum
443 3089 562 3153 autem
578 3104 782 3172 progressus
797 3082 921 3149 fuisset
940 3082 1050 3149 Vrsus
1071 3105 1131 3171 per
1152 3091 1222 3150 tres
1237 3082 1348 3151 dietas
1363 3086 1419 3153 vei
1495 3164 1499 3173 ,

216 3210 381 3294 quatuor,
403 3201 533 3290 Lupus,
555 3204 672 3265 certus
691 3203 727 3264 et
747 3219 891 3264 securus
916 3197 958 3265 de
977 3197 1056 3265 Vrsi
1077 3192 1253 3282 absencia,
1274 3223 1344 3268 vna
1363 3200 1419 3269 die

216 3317 369 3387 comedit
389 3338 493 3384 ouem
514 3336 632 3397 vnam,
650 3311 802 3380 secunda
825 3313 945 3394 aliam,
967 3321 1002 3380 et
1026 3314 1075 3382 sic
1099 3313 1275 3404 deinceps.
1299 3316 1419 3408 ltaque

216 3434 328 3502 Vrsus
343 3433 380 3499 in
397 3429 509 3499 reditu
525 3453 588 3497 suo
604 3451 675 3496 non
692 3428 830 3495 inuenit
844 3429 913 3494 nisi
930 3428 1017 3495 duas
1035 3429 1088 3496 vel
1105 3436 1173 3497 tres
1190 3431 1349 3498 intactas.

221 3581 241 3607 κ
284 3549 337 3616 lta
355 3552 409 3615 est
422 3545 464 3614 de
480 3545 653 3636 episcopis
673 3541 940 3611 absentantibus
956 3567 976 3610 a
996 3546 1070 3611 suis
1086 3544 1307 3636 dyocesibus,
1325 3547 1418 3638 quod

211 3630 357 3733 iradent
380 3663 516 3730 animas
538 3659 760 3728 subditorum
780 3659 885 3726 etiam
907 3657 972 3726 sub
995 3661 1195 3728 iuramento
1215 3660 1418 3750 presbiteris

216 3776 474 3860 custodiendas,
497 3777 558 3867 qui
579 3798 640 3866 per
654 3775 896 3865 ignoranciam
917 3776 972 3843 vel
988 3777 1220 3867 excogitatam
1240 3776 1418 3845 maliciam

216 3917 340 3963 omncs
361 3891 511 3984 perdunt
530 3891 585 3958 vel
607 3891 720 3980 perire
741 3890 961 3979 permittunt.
984 3891 1031 3958 De
1056 3892 1219 3982 episcopo
1239 3915 1310 3959 non
1334 3893 1418 3960 resi-

217 4010 320 4080 dente
335 4008 464 4077 dicitur
484 4007 529 4098 (3)
545 4027 552 4074 :
575 4001 768 4094 Responde,
786 4028 894 4095 quare
916 4006 1134 4097 dereliquisti
1150 4008 1317 4096 pauculas
1333 4031 1417 4076 oues

218 4128 255 4196 in
280 4126 432 4206 deserte,
458 4126 548 4192 etet
571 4122 621 4189 De
642 4119 841 4211 presbiteris
864 4122 995 4212 ignaris
1019 4123 1152 4204 Ysaias,
1180 4125 1221 4192 56
1248 4124 1295 4214 (4)
1317 4144 1324 4190 ;
1347 4123 1416 4213 lpsi

270 4321 309 4394 (4)
330 4319 455 4389 Genese,
468 4319 500 4376 C.
515 4335 606 4382 xxxix,
620 4335 647 4374 v.
662 4321 706 4372 12.

270 4411 309 4483 (2)
324 4412 417 4482 voyez
435 4397 552 4480 l’Epitre
568 4409 580 4462 1
600 4423 658 4462 aux
676 4405 872 4471 Corinthiens,
890 4424 949 4463 non
969 4425 1022 4480 pas
1037 4411 1067 4464 C.
1087 4425 1114 4474 v,
1136 4409 1212 4463 mais
1227 4410 1257 4464 G.
1276 4425 1313 4476 n,
1327 4424 1352 4464 v.
1373 4411 1414 4464 18.

268 4504 308 4574 (3)
325 4501 418 4571 Voyez
430 4499 471 4554 les
486 4498 566 4563 Rois,
582 4496 639 4551 Liv.
654 4497 676 4562 1,
690 4495 721 4549 G.
736 4511 802 4563 xvn,
818 4511 844 4550 r.
859 4498 902 4552 28.

269 4589 306 4662 (4)
324 4587 484 4661 Prophetie
498 4584 611 4651 diseio,
623 4587 654 4640 C.
669 4599 723 4650 cvr,
736 4599 762 4639 r.
778 4588 821 4639 tt.

1260 4695 1290 4745 ao
