3270 5626
442 501 593 554 ODONIS
619 503 670 555 DE
697 505 908 559 cnnlroua
934 508 1180 561 PARABOLAE.
1364 511 1411 561 325

389 700 463 756 cnr.
494 731 528 740 -
555 701 607 756 nn
634 702 804 768 uuonan
834 706 1079 761 aanaaroua
1107 706 1155 760 nr
1182 706 1234 760 nr

635 800 909 858 rnuauaronn
940 802 988 874 ().

280 957 429 1038 Quidam
458 957 623 1028 barbator
646 960 835 1028 dimidium
866 961 972 1032 barbe
1000 962 1132 1030 abrasit
1163 963 1351 1030 feneratori
1375 971 1415 1030 ut

214 1075 306 1141 inter
324 1074 414 1142 alios
433 1081 714 1166 cognosceretur.

279 1190 329 1257 lta
345 1191 382 1256 in
398 1188 454 1259 die
470 1189 593 1258 iudicii
603 1192 755 1281 speciale
768 1192 909 1283 signum
925 1214 987 1259 sue
998 1190 1272 1281 dampnationis,
1286 1193 1416 1261 nisise

213 1305 369 1375 eundum
382 1328 509 1374 usuras
526 1328 628 1396 posse
637 1308 683 1396 (2)
696 1308 894 1391 restituant,
905 1330 1022 1375 eoram
1033 1308 1198 1377 omnibus
1212 1307 1414 1398 portabunt.

300 1503 393 1559 CLII.
422 1533 458 1543 -
485 1502 536 1558 DE
564 1503 731 1569 QUODAM
761 1504 902 1558 MILITE
930 1504 979 1558 ET
1007 1505 1158 1589 BAV1'L0
1187 1504 1261 1561 SUO
1281 1504 1331 1576 (3).

279 1654 381 1723 Vnde
405 1654 550 1745 quidam
575 1654 678 1723 miles
703 1656 740 1722 in
763 1655 947 1744 prouincia
980 1677 1122 1746 semper
1149 1656 1233 1724 feeit
1259 1655 1417 1724 bauilum

213 1792 319 1840 suum
345 1769 411 1838 sibi
432 1770 617 1838 restituere
637 1770 807 1861 quioquid
828 1778 1034 1860 tempestate
1057 1773 1119 1862 [in]
1143 1777 1237 1839 terra
1256 1795 1319 1841 sua
1338 1794 1419 1840 con·

213 1884 432 1970 sumebatur,
457 1892 491 1954 et
517 1887 715 1978 assignauit
743 1909 898 1968 eausam,
923 1886 1041 1954 dicens
1067 1909 1073 1956 :
1103 1888 1271 1978 [Pbeoepi
1301 1887 1418 1955 banilo

213 2001 307 2095 quod
323 2001 528 2070 fidelissime
543 2001 585 2070 de
602 2001 703 2070 bouis
719 2003 809 2070 meis
824 2001 978 2071 decimas
994 2003 1064 2071 Deo
1085 2004 1251 2072 solueret.
1274 2002 1375 2084 Quod
1389 2004 1417 2070 si

212 2118 365 2199 fecisset,
384 2124 500 2186 certus
520 2139 599 2185 sum
615 2117 707 2208 quod
725 2118 895 2186 Dominus
908 2123 1152 2209 tempestatem
1168 2125 1418 2209 superterram

213 2258 329 2304 meam
354 2257 426 2302 non
447 2235 612 2302 misisset.
631 2233 743 2317 Vnde,
762 2256 842 2302 oum
864 2234 940 2302 loca
954 2235 1074 2301 uicina
1094 2240 1299 2324 tempestate.
1319 2233 1420 2323 depe·

215 2353 338 2431 rirent,
352 2351 479 2418 merito
494 2349 584 2418 bone
599 2349 680 2417 [idei
697 2355 789 2417 terra
807 2351 883 2417 eius
897 2351 1014 2439 sepius
1032 2351 1201 2417 remansit
1217 2350 1327 2417 illesa.

286 2547 398 2603 etur.
427 2577 463 2588 -
492 2546 541 2601 DE
571 2546 692 2603 REGIS
721 2547 768 2600 ΕΤ
796 2545 1007 2601 RELIGIOSI
1037 2545 1272 2613 COLLOQUIO
1296 2546 1346 2616 (4).

281 2704 435 2788 Quidam
446 2705 635 2796 religiosus
650 2706 808 2794 inposuit
821 2704 960 2772 cuidam
977 2705 1050 2795 regi
1063 2704 1157 2794 quod
1171 2711 1246 2772 erat
1256 2703 1417 2793 cupidus,

215 2820 402 2914 superbus,
420 2822 634 2889 luxuriosus.
658 2820 725 2901 Qui
748 2819 956 2910 respoudit:
979 2820 1110 2902 Frater,
1133 2821 1304 2912 pessimas
1328 2819 1419 2886 filias

215 2937 304 3006 mihi
332 2937 520 3006 maritasti.
546 2936 634 3005 Ymo
661 2937 764 3005 aliter
795 2943 877 3004 sunt
906 2937 1081 3020 maritate,
1106 2937 1274 3027 quoniam
1299 2935 1419 3003 eister-

216 3055 351 3122 eienses
376 3052 615 3144 cupiditatem,
638 3052 813 3142 templarii
835 3051 1050 3142 superbiam,
1068 3053 1162 3143 nigri
1183 3049 1345 3120 monaehi
1366 3051 1419 3118 lu-

216 3170 369 3251 xuriam,
392 3168 459 3237 sibi
479 3169 749 3236 maritauerunt.

283 3284 505 3376 Quicumque
533 3285 628 3352 enim
651 3284 753 3351 aliter
776 3284 824 3373 (5)
846 3284 992 3351 istarum
1019 3282 1086 3349 sibi
1119 3305 1177 3373 per
1205 3305 1415 3351 consensum

218 3400 449 3492 copulauerit,
467 3400 585 3468 statim
610 3398 705 3488 lepra
727 3401 858 3488 peceati
879 3399 1086 3490 percutitur.

284 3614 389 3670 cerv.
420 3646 455 3656 -
484 3614 533 3670 nn
562 3615 743 3671 uunrran
773 3613 980 3679 antenna,
1010 3612 1168 3669 sponso
1197 3613 1274 3668 sno
1303 3613 1350 3666 ar

594 3711 764 3777 Quonau
785 3711 970 3768 arenoso
995 3710 1044 3782 (a).

285 3864 373 3932 Item
400 3860 551 3954 quedam
583 3861 713 3929 mulier
741 3861 900 3951 pulchra,
929 3883 1058 3950 sponso
1091 3883 1155 3928 suo
1180 3859 1421 3949 pulcherrimo

221 3978 365 4061 abiecto,
387 3976 527 4046 cuidam
552 3978 692 4067 leproso
713 3977 917 4067 turpissimo
937 3974 1088 4058 adhesit,
1110 3983 1144 4043 et
1164 3976 1281 4064 ipsum
1302 3996 1419 4042 eoram

271 4148 310 4219 (1)
326 4150 421 4204 bieme
433 4163 564 4202 sermon.

271 4236 308 4307 (⁶2)
334 4238 413 4293 Lisez
428 4254 435 4291 :
451 4239 516 4302 nisi,
532 4236 679 4292 secundam
693 4251 782 4305 posse,
799 4251 909 4290 usurus.

273 4326 312 4397 (3)
326 4327 418 4382 fleme
434 4341 565 4381 sermon.

274 4414 312 4486 (4)
327 4417 420 4470 bieme
437 4430 568 4471 sermon.

276 4503 313 4575 (5)
328 4505 410 4559 Ainsi
425 4520 501 4575 pour
513 4504 646 4573 utiquam.

278 4592 314 4664 (b)
329 4594 423 4649 Heme
436 4607 567 4648 sermon.
