3270 5626
217 496 264 546 nr
554 493 759 546 iounruus
784 495 837 546 nu
863 494 1085 547 scaurum
1131 465 1136 473 ’

533 729 626 783 xeu.
655 759 692 769 -
720 728 845 800 [suin
872 730 921 785 nr
947 729 1103 800 uncus]

656 901 746 961 Alto
764 903 811 961 de
832 903 970 961 eodem.

282 1075 409 1167 Synreu
420 1073 572 1144 libenter
583 1074 735 1144 eomedit
745 1075 890 1144 nucleos
903 1098 1048 1144 nucum.
1058 1073 1139 1158 Sed,
1149 1076 1295 1167 quando
1308 1084 1406 1168 gustat

214 1191 257 1260 de
273 1193 400 1259 cortice
421 1197 455 1259 et
471 1191 649 1260 inuenerit
663 1213 746 1258 eum
765 1212 940 1273 amarum,
958 1190 1065 1259 abicit
1083 1196 1195 1260 totam
1214 1215 1350 1261 nucem.

184 1389 187 1396 ,
282 1306 381 1375 Tales
401 1313 486 1374 sunt
505 1307 566 1398 qui
587 1305 629 1375 ad
645 1311 784 1396 tempus
804 1306 964 1390 eredunt,
982 1313 1017 1374 et
1036 1307 1074 1374 in
1094 1312 1257 1398 tempore
1274 1313 1406 1397 temptu-

215 1423 328 1491 eionis
345 1421 523 1490 recedunt.

492 1664 609 1718 xLIII.
638 1695 675 1704 -
702 1664 897 1736 [turonus
925 1665 973 1719 ET
999 1664 1141 1735 RANAE.]

610 1837 750 1896 contra
769 1835 1021 1896 meticulosos.

281 2011 441 2100 Lepores,
452 2032 534 2077 eum
550 2009 714 2078 audirent
729 2011 916 2100 strepitum
930 2018 1139 2079 venatorum
1150 2018 1186 2079 et
1200 2035 1325 2080 eanum
1339 2018 1400 2102 post

213 2149 263 2207 se,
282 2124 382 2194 valde
396 2126 605 2208 timuerunt,
623 2132 657 2193 et
672 2126 860 2194 eonsilium
881 2127 1041 2194 inierunt
1055 2132 1093 2193 vt
1112 2149 1150 2194 se
1170 2128 1398 2218 precipiturent

215 2249 355 2332 propter
373 2240 533 2310 assiduos
553 2248 667 2309 metus
687 2243 748 2333 qui
769 2243 820 2310 eis
836 2248 1050 2310 euenerunt.
1077 2241 1222 2310 Etcum
1242 2245 1398 2312 venissent

110 2389 113 2397 ·
213 2357 257 2425 ud
271 2357 420 2448 (luorum
441 2357 601 2424 fluminis
615 2379 695 2424 oum
716 2380 844 2448 magno
859 2357 1008 2446 impetu,
1027 2356 1136 2438 Itane,
1155 2379 1226 2448 que
1242 2358 1291 2426 ibi
1305 2364 1396 2433 erent,

213 2473 415 2542 tremefacto
432 2475 606 2541 miserunt
620 2495 656 2540 se
673 2474 710 2540 in
725 2474 870 2541 flumen.
899 2473 1053 2563 Lepores
1067 2495 1166 2556 vero,
1183 2497 1266 2543 oum
1282 2474 1314 2543 id
1328 2472 1398 2543 vidis

216 2596 307 2671 sent,
334 2588 519 2657 dixerunt:
537 2589 627 2658 Sunt
640 2594 674 2656 et
688 2589 750 2656 alii
766 2587 881 2656 timidi
897 2588 996 2657 sicud
1011 2595 1046 2656 et
1059 2611 1142 2671 n0s;
1159 2612 1396 2680 sequamureos

279 2705 502 2795 Quicumque
523 2705 631 2794 igitur
645 2703 779 2773 malum
795 2703 987 2794 toIIIIerare
1004 2709 1075 2772 non
1091 2712 1219 2794 potest,
1232 2707 1321 2775 maie
1334 2728 1395 2774 eon·

213 2822 342 2890 siderei
358 2822 521 2889 aliorum.

502 3063 602 3116 xilv.
632 3093 667 3103 -
695 3062 812 3132 IIIONS
843 3063 1124 3118 Ptnrtfnruxsst

655 3236 743 3294 Alta
764 3237 809 3294 de
832 3238 970 3295 eodem.

280 3410 379 3477 IIons
410 3408 552 3500 quidum
588 3410 785 3499 parturiens
815 3408 923 3475 edidit
951 3411 1105 3499 gemitus
1135 3409 1327 3480 horribiles,
1353 3405 1382 3469 iu

214 3524 306 3615 quoii
331 3549 453 3592 onmes
479 3523 660 3591 audientes
685 3531 782 3591 extra
807 3549 842 3591 se
867 3524 992 3593 fierent
1015 3548 1076 3614 pre
1103 3526 1242 3593 timore.
1265 3520 1380 3592 Tandem

216 3642 377 3730 parturiit
408 3664 558 3708 murem.
584 3640 690 3707 Cuius
713 3639 794 3706 faeti
819 3642 910 3707 sunia
935 3641 1052 3707 stetim
1075 3640 1170 3709 volut
1198 3665 1258 3732 per
1278 3635 1381 3729 proriu-

214 3758 317 3824 eiuru.
339 3764 370 3824 eI
387 3779 528 3824 omnem
550 3757 701 3845 priorem
722 3756 856 3822 umouit
871 3755 1044 3822 timorem.

428 3998 513 4051 XII'.
543 4028 575 4035 -
604 3997 797 4064 ITESTIJIIO
827 3996 874 4048 ET
903 3996 1067 4050 GOIINI'A
1099 3997 1200 4067 set.)

660 4168 748 4226 Alta
768 4169 813 4225 de
835 4170 972 4226 eodem.

282 4348 443 4429 testudo,
462 4347 546 4414 duni
568 4346 603 4411 in
620 4342 788 4409 mollibus
809 4348 872 4422 est,
890 4344 1001 4409 exerit
1021 4366 1093 4411 sea
1114 4351 1214 4424 testa,
1236 4351 1268 4412 et
1282 4352 1377 4410 cornua

214 4466 313 4552 erigii
340 4463 499 4553 superbe.
523 4461 556 4525 Si
578 4467 696 4527 autem
717 4458 888 4547 impingat
909 4460 945 4525 in
971 4460 1107 4548 paleam
1128 4461 1183 4528 vel
1206 4462 1242 4528 in
1263 4459 1377 4550 spinam·

215 4585 332 4648 statim
364 4602 495 4647 cornua
527 4575 685 4647 retrahit.
709 4581 796 4641 etse
836 4580 943 4641 totum
974 4575 1064 4641 intre
1094 4582 1220 4643 testam
1252 4565 1377 4642 reeIuIiI
