3270 5626
446 465 598 518 0DONIS
625 468 674 520 bn
701 469 911 521 CERlTONA
937 467 1181 519 PARABOLAE.
1369 468 1414 520 295

212 605 363 692 mulam,
390 609 531 699 quando
559 635 601 680 ea
628 613 755 695 recolo,
780 612 941 681 scilieet:
971 612 1078 679 timor
1101 616 1322 700 peecatorum
1346 632 1414 701 que

212 723 388 805 commisi,
401 725 508 793 timor
522 727 658 810 mortis,
671 727 778 795 timor
787 727 922 811 iudicii,
935 726 1042 795 timor
1056 748 1226 818 penarum
1243 725 1413 815 gehenne.

214 835 272 903 Hii
292 846 376 906 sunt
394 847 546 930 quatuor
564 865 665 911 enses
681 844 899 912 retrahentes
922 866 978 911 me
998 866 1018 910 a
1037 841 1165 934 gaudio
1186 839 1324 909 mundi.
1339 840 1415 907 Hiis

213 951 330 1037 dictis,
346 955 430 1024 fecit
442 957 586 1025 fratrem
604 981 708 1026 suurn
729 960 833 1026 solui.

340 1196 470 1254 txxvr.
497 1231 532 1242 -
561 1203 612 1256 bn
636 1201 808 1268 QUODAM
834 1201 935 1256 SENE
962 1199 1220 1257 AEGROTANTE
1246 1199 1295 1270 (i).

281 1363 397 1433 Senex
420 1367 564 1458 quidam
588 1370 789 1461 frequenter
813 1368 1005 1462 egrotabat.
1028 1368 1182 1460 Contigit
1204 1376 1320 1435 autem
1344 1389 1417 1434 uno

216 1500 311 1578 anno
331 1503 412 1548 eum
434 1505 506 1552 non
529 1492 699 1577 egrotare.
716 1485 815 1555 Vnde
835 1486 928 1576 oepit
946 1486 1028 1553 flere
1053 1484 1198 1552 dicens:
1222 1482 1419 1573 Dereliquit

215 1592 271 1661 me
288 1595 393 1674 Deus,
411 1601 495 1689 quia
510 1601 645 1669 nullam
660 1601 908 1670 aduersitatem
925 1599 1141 1668 infirmitatis
1157 1600 1325 1667 sustineo.

216 1834 361 1891 Lxxvu.
390 1869 426 1879 -
450 1841 502 1896 ba
528 1841 720 1906 QUATUOR
750 1842 881 1899 SOCliS
907 1842 948 1896 IN
980 1841 1118 1899 EODEM
1147 1839 1340 1897 HOSPITIO
1367 1840 1417 1909 (2).

283 2004 441 2086 Quatuor
455 2010 540 2078 socii
556 2018 657 2080 erant
672 2012 828 2080 Parisius
844 2012 880 2079 in
898 2010 1020 2079 eodem
1037 2008 1208 2099 hospicio,
1224 2015 1257 2075 ot
1270 2007 1418 2098 contigit

217 2125 287 2188 tres
308 2121 451 2191 illorum
466 2125 531 2195 sub
551 2126 702 2195 diuersis
717 2126 937 2218 temporibus
957 2131 1128 2217 egrotare,
1146 2131 1181 2192 et
1195 2129 1341 2214 quartus
1357 2124 1418 2212 qui

217 2237 483 2309 ministrauerat
497 2243 560 2326 eis,
577 2242 702 2311 sedens
718 2243 966 2337 superlectum
982 2242 1074 2330 cepit
1088 2242 1182 2308 flere.
1201 2236 1419 2320 Querebatur

216 2374 236 2419 a
255 2354 361 2421 sociis
385 2378 448 2424 cur
470 2357 579 2426 fleret.
604 2358 795 2450 Respondit
816 2359 899 2449 quia
920 2357 1093 2424 Dominus
1112 2355 1274 2424 uisitauit
1296 2374 1418 2421 omnes

217 2469 333 2536 socios
355 2493 448 2555 suos,
474 2474 534 2542 sed
557 2476 707 2565 peccatis
727 2475 801 2543 suis
821 2472 1044 2564 exigentibus
1064 2473 1179 2562 ipsum
1200 2469 1316 2538 noluit
1331 2469 1418 2536 uisi·

219 2589 304 2652 tare.
324 2585 396 2655 Hae
411 2587 471 2670 ait,
489 2589 573 2679 quia
593 2591 746 2658 nonfuit
761 2590 921 2658 infirmus
942 2610 1021 2656 eum
1042 2587 1133 2654 aliis,

285 2699 508 2772 Gaudeamus
523 2706 631 2775 etiam
645 2706 682 2774 in
703 2712 993 2797 spe'eternorum.

255 2943 423 3001 Lxxvm.
452 2976 488 2987 -
516 2947 565 3002 bn
590 2947 761 3013 QUODAM
790 2945 952 3002 FRATRE
979 2945 1027 2998 ET
1053 2944 1131 2998 AVE
1158 2940 1383 2996 CANTANTE.
1420 2884 1447 2935 ο

286 3111 400 3180 Fratri
416 3114 556 3182 auidam
576 3115 720 3183 miranti
740 3113 914 3205 quomodo
934 3117 1052 3204 posset
1066 3133 1140 3178 esse
1156 3108 1324 3200 gaudium
1345 3109 1420 3175 sine

221 3226 328 3311 tedio,
345 3227 520 3297 destinata
535 3238 588 3298 est
603 3231 635 3298 ei
650 3232 728 3299 auis
743 3230 932 3298 decantans
953 3225 1122 3295 melodias
1137 3223 1304 3315 quasdam
1321 3246 1422 3312 para-

222 3341 299 3410 disi.
327 3342 439 3424 Quam
467 3367 617 3437 sequens
645 3347 790 3414 fratrem
826 3344 872 3435 (3)
907 3350 1004 3412 extra
1030 3341 1219 3423 abbatiam,
1255 3340 1354 3430 quasi
1385 3339 1421 3405 in

224 3458 332 3525 extasi
353 3459 518 3528 manebat
539 3462 576 3528 in
597 3483 751 3529 memore
774 3461 819 3551 (4)
842 3483 904 3549 per
923 3459 1091 3528 ducentos
1111 3479 1235 3525 annos.
1260 3453 1339 3536 Qui,
1357 3476 1423 3521 aue

225 3572 428 3662 [a]uolante,
447 3573 550 3644 rediit
564 3576 607 3645 ad
623 3575 811 3645 abbatiam.
828 3575 926 3644 Sicut
941 3575 1083 3665 ignotus
1103 3574 1164 3639 uix
1180 3576 1341 3659 receptus
1357 3574 1420 3635 est.

225 3688 258 3756 si
272 3688 334 3756 ille
349 3689 392 3758 ad
408 3690 587 3760 modicum
601 3699 744 3761 eantum
760 3693 838 3759 anis
854 3690 1017 3758 manebat
1028 3695 1126 3758 tanto
1138 3695 1305 3775 tempore,
1317 3685 1423 3751 etiam

228 3805 263 3872 in
282 3807 424 3874 mortaii
438 3829 594 3899 corpore,
616 3807 700 3898 quid
723 3806 844 3875 fiatad
866 3807 978 3897 ipsius
997 3804 1172 3893 rhesum)
1195 3807 1228 3869 et
1249 3800 1424 3869 bonorum

226 3921 404 4011 agminum
424 3923 624 3992 uisionemt
643 3923 766 3991 Nonne
786 3923 883 3990 mille
903 3922 986 3990 anni
1008 3919 1181 4011 [fuissent]
1204 3923 1284 3985 ante
1304 3914 1425 3982 oculos

229 4035 311 4118 eius,
330 4044 498 4128 tanquam
519 4037 593 4106 dies
613 4044 751 4107 esterna
771 4061 838 4129 que
853 4037 1009 4127 preteriit
1029 4035 1075 4126 (5)
1084 4039 1107 4102 ‘t'

277 4199 312 4272 (1)
323 4202 417 4256 bieme
432 4215 562 4255 sermon.

276 4291 312 4361 (2)
326 4292 420 4346 bieme
436 4305 566 4345 sermon.

278 4378 314 4450 (3)
331 4380 412 4435 Lisez
431 4396 438 4433 ι
454 4380 554 4447 trater.

277 4467 312 4540 (t)
327 4469 408 4524 ainsi
423 4484 500 4539 pour
513 4484 634 4525 nemore.

278 4555 313 4628 (5)
328 4558 454 4613 Psaume
467 4574 581 4624 mxxix,
595 4573 621 4610 v.
638 4557 664 4612 4.
