<?xml version="1.0" encoding="UTF-8"?>
<!DOCTYPE html PUBLIC "-//W3C//DTD XHTML 1.0 Transitional//EN"
    "http://www.w3.org/TR/xhtml1/DTD/xhtml1-transitional.dtd">
<html xmlns="http://www.w3.org/1999/xhtml" xml:lang="en" lang="en">
 <head>
  <title>
</title>
<meta http-equiv="Content-Type" content="text/html;charset=utf-8" />
  <meta name='ocr-system' content='tesseract 3.04.00' />
  <meta name='ocr-capabilities' content='ocr_page ocr_carea ocr_par ocr_line ocrx_word'/>
</head>
<body>
  <div class='ocr_page' id='page_1' title='image "./lesfabulistesla00hervgoog_0442.png"; bbox 0 0 3270 5626; ppageno 0'>
   <div class='ocr_carea' id='block_1_1' title="bbox 221 483 1087 537">
    <p class='ocr_par' dir='ltr' id='par_1_1' title="bbox 221 483 1087 537">
     <span class='ocr_line' id='line_1_1' title="bbox 221 483 1087 537; baseline -0.005 -1"><span class='ocrx_word' id='word_1_1' title='bbox 221 488 266 537; x_wconf 75' lang='lat' dir='ltr'><strong>iio</strong></span> <span class='ocrx_word' id='word_1_2' title='bbox 556 483 763 535; x_wconf 81' lang='lat' dir='ltr'><strong>JOHANNlS</strong></span> <span class='ocrx_word' id='word_1_3' title='bbox 791 484 842 534; x_wconf 80' lang='lat' dir='ltr'><strong>DE</strong></span> <span class='ocrx_word' id='word_1_4' title='bbox 869 483 1087 534; x_wconf 76' lang='lat' dir='ltr'>SCHEPEYA</span> 
     </span>
    </p>
   </div>
   <div class='ocr_carea' id='block_1_2' title="bbox 220 626 1419 1067">
    <p class='ocr_par' dir='ltr' id='par_1_2' title="bbox 220 626 1419 1067">
     <span class='ocr_line' id='line_1_2' title="bbox 222 626 1418 719; baseline -0.001 -22"><span class='ocrx_word' id='word_1_5' title='bbox 222 627 427 718; x_wconf 81' lang='lat' dir='ltr'><strong>rospondit:</strong></span> <span class='ocrx_word' id='word_1_6' title='bbox 450 628 601 719; x_wconf 86' lang='lat' dir='ltr'>Longior</span> <span class='ocrx_word' id='word_1_7' title='bbox 615 627 676 695; x_wconf 88' lang='lat' dir='ltr'><strong>fiai</strong></span> <span class='ocrx_word' id='word_1_8' title='bbox 689 635 723 695; x_wconf 81' lang='lat' dir='ltr'><strong>ot</strong></span> <span class='ocrx_word' id='word_1_9' title='bbox 738 627 863 707; x_wconf 84' lang='lat' dir='ltr'><strong>maior,</strong></span> <span class='ocrx_word' id='word_1_10' title='bbox 882 627 929 694; x_wconf 85' lang='lat' dir='ltr'><strong>iia</strong></span> <span class='ocrx_word' id='word_1_11' title='bbox 947 626 1010 715; x_wconf 80' lang='lat' dir='ltr'>(vt)</span> <span class='ocrx_word' id='word_1_12' title='bbox 1030 647 1107 693; x_wconf 85' lang='lat' dir='ltr'><strong>eam</strong></span> <span class='ocrx_word' id='word_1_13' title='bbox 1129 647 1192 714; x_wconf 86' lang='lat' dir='ltr'><strong>por</strong></span> <span class='ocrx_word' id='word_1_14' title='bbox 1208 633 1351 705; x_wconf 66' lang='lat' dir='ltr'><strong>terram,</strong></span> <span class='ocrx_word' id='word_1_15' title='bbox 1371 652 1418 719; x_wconf 84' lang='lat' dir='ltr'><strong>po·</strong></span> 
     </span>
     <span class='ocr_line' id='line_1_3' title="bbox 222 739 1418 834; baseline -0.001 -22"><span class='ocrx_word' id='word_1_16' title='bbox 222 751 292 813; x_wconf 88' lang='lat' dir='ltr'><strong>iras</strong></span> <span class='ocrx_word' id='word_1_17' title='bbox 314 749 348 812; x_wconf 87' lang='lat' dir='ltr'><strong>oi</strong></span> <span class='ocrx_word' id='word_1_18' title='bbox 370 744 489 834; x_wconf 87' lang='lat' dir='ltr'><strong>spinas</strong></span> <span class='ocrx_word' id='word_1_19' title='bbox 507 742 658 826; x_wconf 79' lang='lat' dir='ltr'><strong>traham,</strong></span> <span class='ocrx_word' id='word_1_20' title='bbox 676 766 720 810; x_wconf 84' lang='lat' dir='ltr'><strong>no</strong></span> <span class='ocrx_word' id='word_1_21' title='bbox 741 749 779 810; x_wconf 89' lang='lat' dir='ltr'><strong>iu</strong></span> <span class='ocrx_word' id='word_1_22' title='bbox 796 765 874 810; x_wconf 81' lang='lat' dir='ltr'><strong>meo</strong></span> <span class='ocrx_word' id='word_1_23' title='bbox 892 742 1047 832; x_wconf 79' lang='lat' dir='ltr'><strong>{agmina</strong></span> <span class='ocrx_word' id='word_1_24' title='bbox 1068 739 1253 830; x_wconf 85' lang='lat' dir='ltr'><strong>pulchrior</strong></span> <span class='ocrx_word' id='word_1_25' title='bbox 1271 743 1349 810; x_wconf 87' lang='lat' dir='ltr'><strong>lias!</strong></span> <span class='ocrx_word' id='word_1_26' title='bbox 1365 745 1418 812; x_wconf 88' lang='lat' dir='ltr'><strong>Cui</strong></span> 
     </span>
     <span class='ocr_line' id='line_1_4' title="bbox 221 855 1419 952; baseline -0.001 -24"><span class='ocrx_word' id='word_1_27' title='bbox 221 860 340 952; x_wconf 88' lang='lat' dir='ltr'><strong>Symia</strong></span> <span class='ocrx_word' id='word_1_28' title='bbox 362 881 369 927; x_wconf 92' lang='lat'>:</span> <span class='ocrx_word' id='word_1_29' title='bbox 387 858 537 927; x_wconf 86' lang='lat' dir='ltr'><strong>Multum</strong></span> <span class='ocrx_word' id='word_1_30' title='bbox 553 881 682 926; x_wconf 90' lang='lat' dir='ltr'><strong>auarus</strong></span> <span class='ocrx_word' id='word_1_31' title='bbox 697 880 747 932; x_wconf 85' lang='lat' dir='ltr'><strong>os,</strong></span> <span class='ocrx_word' id='word_1_32' title='bbox 764 858 825 947; x_wconf 86' lang='lat' dir='ltr'><strong>qui</strong></span> <span class='ocrx_word' id='word_1_33' title='bbox 841 857 883 925; x_wconf 87' lang='lat' dir='ltr'><strong>do</strong></span> <span class='ocrx_word' id='word_1_34' title='bbox 900 880 940 925; x_wconf 83' lang='lat' dir='ltr'><strong>oo</strong></span> <span class='ocrx_word' id='word_1_35' title='bbox 955 857 1049 947; x_wconf 89' lang='lat' dir='ltr'><strong>quod</strong></span> <span class='ocrx_word' id='word_1_36' title='bbox 1064 855 1128 924; x_wconf 84' lang='lat' dir='ltr'><strong>tibi</strong></span> <span class='ocrx_word' id='word_1_37' title='bbox 1145 864 1320 947; x_wconf 79' lang='lat' dir='ltr'><strong>superesi,</strong></span> <span class='ocrx_word' id='word_1_38' title='bbox 1339 859 1419 927; x_wconf 91' lang='lat' dir='ltr'><strong>indi·</strong></span> 
     </span>
     <span class='ocr_line' id='line_1_5' title="bbox 220 975 639 1067; baseline -0.007 -24"><span class='ocrx_word' id='word_1_39' title='bbox 220 975 315 1067; x_wconf 83' lang='lat' dir='ltr'><strong>genii</strong></span> <span class='ocrx_word' id='word_1_40' title='bbox 331 998 403 1043; x_wconf 92' lang='lat' dir='ltr'><strong>non</strong></span> <span class='ocrx_word' id='word_1_41' title='bbox 418 975 566 1065; x_wconf 78' lang='lat' dir='ltr'><strong>langoris</strong></span> <span class='ocrx_word' id='word_1_42' title='bbox 583 976 592 1061; x_wconf 87' lang='grc'>(</span> <span class='ocrx_word' id='word_1_43' title='bbox 617 976 639 1063; x_wconf 88' lang='grc'><strong>).</strong></span> 
     </span>
    </p>
   </div>
   <div class='ocr_carea' id='block_1_3' title="bbox 487 1168 1162 1240">
    <p class='ocr_par' dir='ltr' id='par_1_3' title="bbox 487 1168 1162 1240">
     <span class='ocr_line' id='line_1_6' title="bbox 487 1168 1162 1240; baseline -0.001 -16"><span class='ocrx_word' id='word_1_44' title='bbox 487 1170 625 1226; x_wconf 80' lang='lat' dir='ltr'><strong>xxxiii.</strong></span> <span class='ocrx_word' id='word_1_45' title='bbox 653 1201 689 1210; x_wconf 91' lang='lat'>-</span> <span class='ocrx_word' id='word_1_46' title='bbox 717 1168 887 1240; x_wconf 68' lang='lat' dir='ltr'><strong>[asinis</strong></span> <span class='ocrx_word' id='word_1_47' title='bbox 911 1169 960 1223; x_wconf 81' lang='lat' dir='ltr'><strong>ET</strong></span> <span class='ocrx_word' id='word_1_48' title='bbox 982 1168 1162 1238; x_wconf 66' lang='lat' dir='ltr'><strong>Puncta]</strong></span> 
     </span>
    </p>
   </div>
   <div class='ocr_carea' id='block_1_4' title="bbox 666 1324 982 1394">
    <p class='ocr_par' dir='ltr' id='par_1_4' title="bbox 666 1324 982 1394">
     <span class='ocr_line' id='line_1_7' title="bbox 666 1324 982 1394; baseline -0.003 -12"><span class='ocrx_word' id='word_1_49' title='bbox 666 1324 754 1384; x_wconf 78' lang='lat' dir='ltr'><strong>Alia</strong></span> <span class='ocrx_word' id='word_1_50' title='bbox 774 1326 820 1383; x_wconf 82' lang='lat' dir='ltr'><strong>de</strong></span> <span class='ocrx_word' id='word_1_51' title='bbox 842 1326 982 1394; x_wconf 81' lang='lat' dir='ltr'><strong>eodem,</strong></span> 
     </span>
    </p>
   </div>
   <div class='ocr_carea' id='block_1_5' title="bbox 127 1478 1419 2840">
    <p class='ocr_par' dir='ltr' id='par_1_5' title="bbox 127 1478 1419 2840">
     <span class='ocr_line' id='line_1_8' title="bbox 286 1478 1419 1572; baseline -0.001 -22"><span class='ocrx_word' id='word_1_52' title='bbox 286 1484 416 1550; x_wconf 79' lang='lat' dir='ltr'>Asinus</span> <span class='ocrx_word' id='word_1_53' title='bbox 442 1481 566 1549; x_wconf 85' lang='lat' dir='ltr'><strong>videns</strong></span> <span class='ocrx_word' id='word_1_54' title='bbox 593 1479 688 1570; x_wconf 89' lang='lat' dir='ltr'><strong>quod</strong></span> <span class='ocrx_word' id='word_1_55' title='bbox 709 1480 819 1548; x_wconf 87' lang='lat' dir='ltr'><strong>Porco</strong></span> <span class='ocrx_word' id='word_1_56' title='bbox 845 1479 994 1548; x_wconf 79' lang='lat' dir='ltr'><strong>dabatur</strong></span> <span class='ocrx_word' id='word_1_57' title='bbox 1018 1481 1055 1546; x_wconf 94' lang='lat' dir='ltr'><strong>in</strong></span> <span class='ocrx_word' id='word_1_58' title='bbox 1082 1478 1189 1547; x_wconf 93' lang='lat' dir='ltr'><strong>domo</strong></span> <span class='ocrx_word' id='word_1_59' title='bbox 1213 1483 1330 1570; x_wconf 88' lang='lat' dir='ltr'><strong>panis,</strong></span> <span class='ocrx_word' id='word_1_60' title='bbox 1355 1484 1419 1572; x_wconf 84' lang='lat' dir='ltr'><strong>pul·</strong></span> 
     </span>
     <span class='ocr_line' id='line_1_9' title="bbox 221 1595 1417 1687; baseline -0.003 -21"><span class='ocrx_word' id='word_1_61' title='bbox 221 1604 379 1666; x_wconf 88' lang='lat' dir='ltr'><strong>menium</strong></span> <span class='ocrx_word' id='word_1_62' title='bbox 409 1604 443 1665; x_wconf 85' lang='lat' dir='ltr'><strong>oi</strong></span> <span class='ocrx_word' id='word_1_63' title='bbox 465 1596 534 1664; x_wconf 87' lang='lat' dir='ltr'><strong>alia</strong></span> <span class='ocrx_word' id='word_1_64' title='bbox 557 1595 721 1687; x_wconf 81' lang='lat' dir='ltr'><strong>quodam,</strong></span> <span class='ocrx_word' id='word_1_65' title='bbox 756 1618 970 1687; x_wconf 85' lang='lat' dir='ltr'><strong>grossusquo</strong></span> <span class='ocrx_word' id='word_1_66' title='bbox 999 1601 1034 1662; x_wconf 88' lang='lat' dir='ltr'><strong>et</strong></span> <span class='ocrx_word' id='word_1_67' title='bbox 1059 1596 1229 1686; x_wconf 78' lang='lat' dir='ltr'><strong>[pinguis]</strong></span> <span class='ocrx_word' id='word_1_68' title='bbox 1253 1595 1370 1669; x_wconf 76' lang='lat' dir='ltr'><strong>lio-bai.</strong></span> <span class='ocrx_word' id='word_1_69' title='bbox 1390 1604 1417 1665; x_wconf 81' lang='lat' dir='ltr'><strong>ri</strong></span> 
     </span>
     <span class='ocr_line' id='line_1_10' title="bbox 221 1710 1416 1804; baseline 0.001 -23"><span class='ocrx_word' id='word_1_70' title='bbox 221 1712 314 1804; x_wconf 89' lang='lat' dir='ltr'><strong>quod</strong></span> <span class='ocrx_word' id='word_1_71' title='bbox 336 1714 372 1779; x_wconf 92' lang='lat' dir='ltr'><strong>in</strong></span> <span class='ocrx_word' id='word_1_72' title='bbox 402 1710 502 1779; x_wconf 91' lang='lat' dir='ltr'><strong>nullo</strong></span> <span class='ocrx_word' id='word_1_73' title='bbox 527 1710 708 1780; x_wconf 78' lang='lat' dir='ltr'><strong>laborabat</strong></span> <span class='ocrx_word' id='word_1_74' title='bbox 735 1712 805 1779; x_wconf 89' lang='lat' dir='ltr'><strong>nisi</strong></span> <span class='ocrx_word' id='word_1_75' title='bbox 833 1712 870 1778; x_wconf 92' lang='lat' dir='ltr'><strong>in</strong></span> <span class='ocrx_word' id='word_1_76' title='bbox 900 1710 1115 1778; x_wconf 82' lang='lat' dir='ltr'><strong>comedendo</strong></span> <span class='ocrx_word' id='word_1_77' title='bbox 1140 1719 1176 1779; x_wconf 80' lang='lat' dir='ltr'><strong>ot</strong></span> <span class='ocrx_word' id='word_1_78' title='bbox 1205 1710 1416 1783; x_wconf 81' lang='lat' dir='ltr'><strong>dormiendo.</strong></span> 
     </span>
     <span class='ocr_line' id='line_1_11' title="bbox 220 1825 1418 1920; baseline 0.002 -26"><span class='ocrx_word' id='word_1_79' title='bbox 220 1827 429 1920; x_wconf 83' lang='lat' dir='ltr'><strong>loquebatur</strong></span> <span class='ocrx_word' id='word_1_80' title='bbox 448 1849 581 1910; x_wconf 78' lang='lat' dir='ltr'><strong>secum,</strong></span> <span class='ocrx_word' id='word_1_81' title='bbox 603 1826 747 1896; x_wconf 83' lang='lat' dir='ltr'><strong>dicens:</strong></span> <span class='ocrx_word' id='word_1_82' title='bbox 773 1826 845 1918; x_wconf 82' lang='lat' dir='ltr'><strong>Ego</strong></span> <span class='ocrx_word' id='word_1_83' title='bbox 861 1825 988 1894; x_wconf 78' lang='lat' dir='ltr'>cotidie</span> <span class='ocrx_word' id='word_1_84' title='bbox 1010 1825 1166 1916; x_wconf 80' lang='lat' dir='ltr'><strong>grauiter</strong></span> <span class='ocrx_word' id='word_1_85' title='bbox 1186 1825 1321 1911; x_wconf 89' lang='lat' dir='ltr'><strong>laboro,</strong></span> <span class='ocrx_word' id='word_1_86' title='bbox 1339 1851 1418 1919; x_wconf 89' lang='lat' dir='ltr'><strong>pun·</strong></span> 
     </span>
     <span class='ocr_line' id='line_1_12' title="bbox 127 1940 1416 2035; baseline -0.002 -24"><span class='ocrx_word' id='word_1_87' title='bbox 127 1950 135 1961; x_wconf 91' lang='lat'>&#39;</span> <span class='ocrx_word' id='word_1_88' title='bbox 221 1966 284 2035; x_wconf 88' lang='lat' dir='ltr'><strong>gor</strong></span> <span class='ocrx_word' id='word_1_89' title='bbox 308 1950 341 2011; x_wconf 80' lang='lat' dir='ltr'><strong>oi</strong></span> <span class='ocrx_word' id='word_1_90' title='bbox 371 1943 547 2026; x_wconf 76' lang='lat' dir='ltr'><strong>verberor,</strong></span> <span class='ocrx_word' id='word_1_91' title='bbox 571 1949 605 2010; x_wconf 85' lang='lat' dir='ltr'><strong>oi</strong></span> <span class='ocrx_word' id='word_1_92' title='bbox 622 1963 746 2034; x_wconf 90' lang='lat' dir='ltr'><strong>parum</strong></span> <span class='ocrx_word' id='word_1_93' title='bbox 771 1941 860 2009; x_wconf 92' lang='lat' dir='ltr'><strong>mihi</strong></span> <span class='ocrx_word' id='word_1_94' title='bbox 885 1941 988 2009; x_wconf 88' lang='lat' dir='ltr'><strong>datur</strong></span> <span class='ocrx_word' id='word_1_95' title='bbox 1009 1940 1052 2009; x_wconf 87' lang='lat' dir='ltr'><strong>ad</strong></span> <span class='ocrx_word' id='word_1_96' title='bbox 1070 1941 1301 2011; x_wconf 77' lang='lat' dir='ltr'><strong>vescendum.</strong></span> <span class='ocrx_word' id='word_1_97' title='bbox 1329 1945 1416 2013; x_wconf 81' lang='lat' dir='ltr'><strong>Certo</strong></span> 
     </span>
     <span class='ocr_line' id='line_1_13' title="bbox 221 2057 1417 2150; baseline -0.001 -24"><span class='ocrx_word' id='word_1_98' title='bbox 221 2059 350 2150; x_wconf 83' lang='lat' dir='ltr'><strong>fingam</strong></span> <span class='ocrx_word' id='word_1_99' title='bbox 367 2081 423 2126; x_wconf 81' lang='lat' dir='ltr'><strong>me</strong></span> <span class='ocrx_word' id='word_1_100' title='bbox 440 2059 615 2126; x_wconf 83' lang='lat' dir='ltr'><strong>infirmam</strong></span> <span class='ocrx_word' id='word_1_101' title='bbox 629 2057 721 2148; x_wconf 74' lang='lat' dir='ltr'><strong>(.s·ic);</strong></span> <span class='ocrx_word' id='word_1_102' title='bbox 744 2065 779 2125; x_wconf 85' lang='lat' dir='ltr'><strong>oi</strong></span> <span class='ocrx_word' id='word_1_103' title='bbox 792 2058 874 2125; x_wconf 82' lang='lat' dir='ltr'><strong>lecit</strong></span> <span class='ocrx_word' id='word_1_104' title='bbox 887 2059 948 2125; x_wconf 87' lang='lat' dir='ltr'><strong>sic.</strong></span> <span class='ocrx_word' id='word_1_105' title='bbox 964 2057 1007 2124; x_wconf 84' lang='lat' dir='ltr'><strong>Ei</strong></span> <span class='ocrx_word' id='word_1_106' title='bbox 1020 2058 1168 2125; x_wconf 82' lang='lat' dir='ltr'><strong>veniens</strong></span> <span class='ocrx_word' id='word_1_107' title='bbox 1189 2080 1297 2127; x_wconf 88' lang='lat' dir='ltr'><strong>mano</strong></span> <span class='ocrx_word' id='word_1_108' title='bbox 1314 2059 1417 2127; x_wconf 89' lang='lat' dir='ltr'><strong>Domi·</strong></span> 
     </span>
     <span class='ocr_line' id='line_1_14' title="bbox 221 2170 1417 2242; baseline -0.002 0"><span class='ocrx_word' id='word_1_109' title='bbox 221 2198 289 2242; x_wconf 91' lang='lat' dir='ltr'><strong>nus</strong></span> <span class='ocrx_word' id='word_1_110' title='bbox 309 2175 433 2242; x_wconf 88' lang='lat' dir='ltr'><strong>domus</strong></span> <span class='ocrx_word' id='word_1_111' title='bbox 453 2173 497 2241; x_wconf 92' lang='lat' dir='ltr'><strong>ad</strong></span> <span class='ocrx_word' id='word_1_112' title='bbox 517 2173 694 2241; x_wconf 86' lang='lat' dir='ltr'><strong>stabulum</strong></span> <span class='ocrx_word' id='word_1_113' title='bbox 716 2179 750 2240; x_wconf 84' lang='lat' dir='ltr'><strong>ei</strong></span> <span class='ocrx_word' id='word_1_114' title='bbox 769 2170 956 2240; x_wconf 80' lang='lat' dir='ltr'><strong>inuenions</strong></span> <span class='ocrx_word' id='word_1_115' title='bbox 976 2173 1124 2239; x_wconf 72' lang='lat' dir='ltr'><strong>,isinum</strong></span> <span class='ocrx_word' id='word_1_116' title='bbox 1146 2185 1272 2242; x_wconf 74' lang='lat' dir='ltr'><strong>contra</strong></span> <span class='ocrx_word' id='word_1_117' title='bbox 1293 2197 1417 2242; x_wconf 80' lang='lat' dir='ltr'><strong>moroni</strong></span> 
     </span>
     <span class='ocr_line' id='line_1_15' title="bbox 221 2267 1418 2378; baseline -0.003 -21"><span class='ocrx_word' id='word_1_118' title='bbox 221 2292 406 2374; x_wconf 83' lang='lat' dir='ltr'><strong>laconiam,</strong></span> <span class='ocrx_word' id='word_1_119' title='bbox 428 2289 627 2357; x_wconf 84' lang='lat' dir='ltr'><strong>stimulauit</strong></span> <span class='ocrx_word' id='word_1_120' title='bbox 646 2312 726 2357; x_wconf 83' lang='lat' dir='ltr'><strong>aum</strong></span> <span class='ocrx_word' id='word_1_121' title='bbox 743 2288 888 2357; x_wconf 83' lang='lat' dir='ltr'><strong>dicens:</strong></span> <span class='ocrx_word' id='word_1_122' title='bbox 913 2287 1034 2378; x_wconf 77' lang='lat' dir='ltr'><strong>Surge.</strong></span> <span class='ocrx_word' id='word_1_123' title='bbox 1058 2288 1099 2354; x_wconf 87' lang='lat' dir='ltr'><strong>Ei</strong></span> <span class='ocrx_word' id='word_1_124' title='bbox 1119 2267 1265 2370; x_wconf 73' lang='lat' dir='ltr'><strong>Asinus,</strong></span> <span class='ocrx_word' id='word_1_125' title='bbox 1284 2289 1418 2358; x_wconf 80' lang='lat' dir='ltr'><strong>aleuans</strong></span> 
     </span>
     <span class='ocr_line' id='line_1_16' title="bbox 220 2403 1417 2495; baseline -0.003 -22"><span class='ocrx_word' id='word_1_126' title='bbox 220 2405 399 2475; x_wconf 85' lang='lat' dir='ltr'><strong>modicum</strong></span> <span class='ocrx_word' id='word_1_127' title='bbox 416 2411 531 2495; x_wconf 83' lang='lat' dir='ltr'><strong>caput,</strong></span> <span class='ocrx_word' id='word_1_128' title='bbox 549 2404 735 2472; x_wconf 70' lang='lat' dir='ltr'><strong>reclinauii</strong></span> <span class='ocrx_word' id='word_1_129' title='bbox 750 2410 785 2471; x_wconf 85' lang='lat' dir='ltr'><strong>ot</strong></span> <span class='ocrx_word' id='word_1_130' title='bbox 797 2405 906 2471; x_wconf 86' lang='lat' dir='ltr'><strong>iacuit</strong></span> <span class='ocrx_word' id='word_1_131' title='bbox 920 2403 1113 2493; x_wconf 84' lang='lat' dir='ltr'><strong>suspirans.</strong></span> <span class='ocrx_word' id='word_1_132' title='bbox 1128 2403 1170 2470; x_wconf 84' lang='lat' dir='ltr'><strong>Ei</strong></span> <span class='ocrx_word' id='word_1_133' title='bbox 1190 2404 1239 2471; x_wconf 79' lang='lat' dir='ltr'><strong>aii</strong></span> <span class='ocrx_word' id='word_1_134' title='bbox 1255 2405 1417 2472; x_wconf 82' lang='lat' dir='ltr'><strong>Dominus</strong></span> 
     </span>
     <span class='ocr_line' id='line_1_17' title="bbox 221 2516 1415 2599; baseline -0.005 -9"><span class='ocrx_word' id='word_1_135' title='bbox 221 2522 369 2590; x_wconf 80' lang='lat' dir='ltr'><strong>Domino</strong></span> <span class='ocrx_word' id='word_1_136' title='bbox 386 2520 534 2590; x_wconf 91' lang='lat' dir='ltr'><strong>domus:</strong></span> <span class='ocrx_word' id='word_1_137' title='bbox 552 2520 682 2587; x_wconf 79' lang='lat' dir='ltr'><strong>Asinus</strong></span> <span class='ocrx_word' id='word_1_138' title='bbox 698 2524 818 2587; x_wconf 75' lang='lat' dir='ltr'><strong>nostor</strong></span> <span class='ocrx_word' id='word_1_139' title='bbox 833 2519 1050 2599; x_wconf 62' lang='lat' dir='ltr'><strong>infirmatum</strong></span> <span class='ocrx_word' id='word_1_140' title='bbox 1067 2516 1156 2586; x_wconf 85' lang='lat' dir='ltr'><strong>habe</strong></span> <span class='ocrx_word' id='word_1_141' title='bbox 1172 2542 1298 2587; x_wconf 82' lang='lat' dir='ltr'><strong>curam</strong></span> <span class='ocrx_word' id='word_1_142' title='bbox 1316 2520 1415 2588; x_wconf 88' lang='lat' dir='ltr'><strong>illins.</strong></span> 
     </span>
     <span class='ocr_line' id='line_1_18' title="bbox 220 2633 1416 2726; baseline -0.004 -20"><span class='ocrx_word' id='word_1_143' title='bbox 220 2638 370 2706; x_wconf 90' lang='lat' dir='ltr'><strong>Domina</strong></span> <span class='ocrx_word' id='word_1_144' title='bbox 390 2637 508 2726; x_wconf 80' lang='lat' dir='ltr'><strong>itaquo</strong></span> <span class='ocrx_word' id='word_1_145' title='bbox 524 2635 607 2703; x_wconf 83' lang='lat' dir='ltr'><strong>fecii</strong></span> <span class='ocrx_word' id='word_1_146' title='bbox 621 2657 703 2702; x_wconf 91' lang='lat' dir='ltr'><strong>oum</strong></span> <span class='ocrx_word' id='word_1_147' title='bbox 720 2634 850 2724; x_wconf 80' lang='lat' dir='ltr'><strong>portari</strong></span> <span class='ocrx_word' id='word_1_148' title='bbox 866 2633 902 2701; x_wconf 93' lang='lat' dir='ltr'><strong>in</strong></span> <span class='ocrx_word' id='word_1_149' title='bbox 918 2633 1062 2702; x_wconf 87' lang='lat' dir='ltr'><strong>domum</strong></span> <span class='ocrx_word' id='word_1_150' title='bbox 1078 2640 1114 2714; x_wconf 79' lang='lat' dir='ltr'><strong>oi</strong></span> <span class='ocrx_word' id='word_1_151' title='bbox 1127 2634 1211 2723; x_wconf 90' lang='lat' dir='ltr'><strong>poni</strong></span> <span class='ocrx_word' id='word_1_152' title='bbox 1231 2636 1329 2703; x_wconf 72' lang='lat' dir='ltr'><strong>iuxta</strong></span> <span class='ocrx_word' id='word_1_153' title='bbox 1344 2636 1416 2703; x_wconf 78' lang='lat' dir='ltr'><strong>l‘or·</strong></span> 
     </span>
     <span class='ocr_line' id='line_1_19' title="bbox 219 2750 1415 2840; baseline -0.003 -18"><span class='ocrx_word' id='word_1_154' title='bbox 219 2776 311 2836; x_wconf 87' lang='lat' dir='ltr'><strong>cum,</strong></span> <span class='ocrx_word' id='word_1_155' title='bbox 328 2763 363 2820; x_wconf 83' lang='lat' dir='ltr'><strong>oi</strong></span> <span class='ocrx_word' id='word_1_156' title='bbox 381 2752 596 2819; x_wconf 76' lang='lat' dir='ltr'><strong>ministrauii</strong></span> <span class='ocrx_word' id='word_1_157' title='bbox 609 2752 641 2817; x_wconf 78' lang='lat' dir='ltr'><strong>oi</strong></span> <span class='ocrx_word' id='word_1_158' title='bbox 657 2772 783 2839; x_wconf 87' lang='lat' dir='ltr'><strong>panom</strong></span> <span class='ocrx_word' id='word_1_159' title='bbox 804 2756 838 2818; x_wconf 87' lang='lat' dir='ltr'><strong>oi</strong></span> <span class='ocrx_word' id='word_1_160' title='bbox 856 2750 1009 2818; x_wconf 88' lang='lat' dir='ltr'><strong>farinam</strong></span> <span class='ocrx_word' id='word_1_161' title='bbox 1023 2757 1058 2818; x_wconf 82' lang='lat' dir='ltr'><strong>ot</strong></span> <span class='ocrx_word' id='word_1_162' title='bbox 1071 2771 1214 2840; x_wconf 91' lang='lat' dir='ltr'><strong>aquam.</strong></span> <span class='ocrx_word' id='word_1_163' title='bbox 1238 2752 1369 2819; x_wconf 64' lang='lat' dir='ltr'><strong>Asinus</strong></span> <span class='ocrx_word' id='word_1_164' title='bbox 1383 2752 1415 2818; x_wconf 94' lang='lat' dir='ltr'><strong>in</strong></span> 
     </span>
    </p>
   </div>
   <div class='ocr_carea' id='block_1_6' title="bbox 218 2865 1414 3653">
    <p class='ocr_par' dir='ltr' id='par_1_6' title="bbox 218 2865 1414 3653">
     <span class='ocr_line' id='line_1_20' title="bbox 218 2865 1413 2960; baseline -0.003 -23"><span class='ocrx_word' id='word_1_165' title='bbox 218 2870 401 2960; x_wconf 83' lang='lat' dir='ltr'><strong>principio,</strong></span> <span class='ocrx_word' id='word_1_166' title='bbox 419 2874 456 2934; x_wconf 79' lang='lat' dir='ltr'><strong>vi</strong></span> <span class='ocrx_word' id='word_1_167' title='bbox 476 2889 575 2935; x_wconf 86' lang='lat' dir='ltr'><strong>suam</strong></span> <span class='ocrx_word' id='word_1_168' title='bbox 592 2867 768 2934; x_wconf 83' lang='lat' dir='ltr'><strong>liciionem</strong></span> <span class='ocrx_word' id='word_1_169' title='bbox 784 2871 928 2955; x_wconf 78' lang='lat' dir='ltr'><strong>tegeret,</strong></span> <span class='ocrx_word' id='word_1_170' title='bbox 952 2888 1074 2955; x_wconf 88' lang='lat' dir='ltr'><strong>parum</strong></span> <span class='ocrx_word' id='word_1_171' title='bbox 1090 2865 1257 2945; x_wconf 76' lang='lat' dir='ltr'><strong>romedii,</strong></span> <span class='ocrx_word' id='word_1_172' title='bbox 1276 2875 1312 2936; x_wconf 83' lang='lat' dir='ltr'><strong>oi</strong></span> <span class='ocrx_word' id='word_1_173' title='bbox 1327 2875 1413 2956; x_wconf 82' lang='lat' dir='ltr'><strong>posi·</strong></span> 
     </span>
     <span class='ocr_line' id='line_1_21' title="bbox 219 2981 1412 3073; baseline -0.003 -21"><span class='ocrx_word' id='word_1_174' title='bbox 219 2985 362 3052; x_wconf 87' lang='lat' dir='ltr'><strong>modum</strong></span> <span class='ocrx_word' id='word_1_175' title='bbox 389 2985 499 3073; x_wconf 74' lang='lat' dir='ltr'><strong>magis</strong></span> <span class='ocrx_word' id='word_1_176' title='bbox 528 2991 561 3050; x_wconf 81' lang='lat' dir='ltr'><strong>oi</strong></span> <span class='ocrx_word' id='word_1_177' title='bbox 582 2983 705 3071; x_wconf 81' lang='lat' dir='ltr'><strong>magis,</strong></span> <span class='ocrx_word' id='word_1_178' title='bbox 731 2989 765 3048; x_wconf 76' lang='lat' dir='ltr'><strong>oi</strong></span> <span class='ocrx_word' id='word_1_179' title='bbox 787 2983 878 3070; x_wconf 69' lang='lat' dir='ltr'><strong>arpii</strong></span> <span class='ocrx_word' id='word_1_180' title='bbox 900 2981 988 3048; x_wconf 85' lang='lat' dir='ltr'><strong>bono</strong></span> <span class='ocrx_word' id='word_1_181' title='bbox 1015 2983 1247 3072; x_wconf 82' lang='lat' dir='ltr'><strong>impingnari:</strong></span> <span class='ocrx_word' id='word_1_182' title='bbox 1277 2991 1313 3051; x_wconf 77' lang='lat' dir='ltr'><strong>oi</strong></span> <span class='ocrx_word' id='word_1_183' title='bbox 1335 2984 1412 3050; x_wconf 83' lang='lat' dir='ltr'><strong>dlxii</strong></span> 
     </span>
     <span class='ocr_line' id='line_1_22' title="bbox 219 3098 1414 3168; baseline -0.005 -2"><span class='ocrx_word' id='word_1_184' title='bbox 219 3102 310 3167; x_wconf 88' lang='lat' dir='ltr'><strong>inira</strong></span> <span class='ocrx_word' id='word_1_185' title='bbox 330 3124 366 3166; x_wconf 81' lang='lat' dir='ltr'><strong>so</strong></span> <span class='ocrx_word' id='word_1_186' title='bbox 385 3122 392 3168; x_wconf 91' lang='lat'><strong>:</strong></span> <span class='ocrx_word' id='word_1_187' title='bbox 411 3099 510 3165; x_wconf 79' lang='lat' dir='ltr'><strong>blodo</strong></span> <span class='ocrx_word' id='word_1_188' title='bbox 532 3098 641 3165; x_wconf 82' lang='lat' dir='ltr'><strong>linboo</strong></span> <span class='ocrx_word' id='word_1_189' title='bbox 659 3099 802 3165; x_wconf 90' lang='lat' dir='ltr'><strong>bonum.</strong></span> <span class='ocrx_word' id='word_1_190' title='bbox 821 3098 905 3164; x_wconf 79' lang='lat' dir='ltr'><strong>Cum</strong></span> <span class='ocrx_word' id='word_1_191' title='bbox 923 3104 1042 3164; x_wconf 74' lang='lat' dir='ltr'><strong>auium</strong></span> <span class='ocrx_word' id='word_1_192' title='bbox 1059 3098 1189 3164; x_wconf 77' lang='lat' dir='ltr'><strong>Porrus</strong></span> <span class='ocrx_word' id='word_1_193' title='bbox 1203 3100 1322 3167; x_wconf 70' lang='lat' dir='ltr'><strong>socius</strong></span> <span class='ocrx_word' id='word_1_194' title='bbox 1338 3123 1414 3167; x_wconf 70' lang='lat' dir='ltr'><strong>suns</strong></span> 
     </span>
     <span class='ocr_line' id='line_1_23' title="bbox 220 3214 1413 3305; baseline 0.001 -25"><span class='ocrx_word' id='word_1_195' title='bbox 220 3216 341 3283; x_wconf 81' lang='lat' dir='ltr'><strong>luissai</strong></span> <span class='ocrx_word' id='word_1_196' title='bbox 361 3214 403 3281; x_wconf 84' lang='lat' dir='ltr'><strong>ad</strong></span> <span class='ocrx_word' id='word_1_197' title='bbox 425 3216 568 3303; x_wconf 76' lang='lat' dir='ltr'><strong>plonum</strong></span> <span class='ocrx_word' id='word_1_198' title='bbox 591 3215 843 3303; x_wconf 83' lang='lat' dir='ltr'><strong>impinguaius,</strong></span> <span class='ocrx_word' id='word_1_199' title='bbox 861 3221 1004 3280; x_wconf 80' lang='lat' dir='ltr'><strong>vocaius</strong></span> <span class='ocrx_word' id='word_1_200' title='bbox 1021 3220 1071 3279; x_wconf 82' lang='lat' dir='ltr'><strong>osi</strong></span> <span class='ocrx_word' id='word_1_201' title='bbox 1093 3214 1264 3291; x_wconf 78' lang='lat' dir='ltr'><strong>rarnilox,</strong></span> <span class='ocrx_word' id='word_1_202' title='bbox 1285 3217 1345 3305; x_wconf 87' lang='lat' dir='ltr'><strong>qni</strong></span> <span class='ocrx_word' id='word_1_203' title='bbox 1362 3238 1413 3281; x_wconf 70' lang='lat' dir='ltr'><strong>va·</strong></span> 
     </span>
     <span class='ocr_line' id='line_1_24' title="bbox 219 3329 1412 3420; baseline -0.001 -23"><span class='ocrx_word' id='word_1_204' title='bbox 219 3332 320 3398; x_wconf 89' lang='lat' dir='ltr'><strong>nions</strong></span> <span class='ocrx_word' id='word_1_205' title='bbox 336 3332 505 3420; x_wconf 77' lang='lat' dir='ltr'><strong>porcussii</strong></span> <span class='ocrx_word' id='word_1_206' title='bbox 526 3331 673 3396; x_wconf 69' lang='lat' dir='ltr'><strong>l’orcum</strong></span> <span class='ocrx_word' id='word_1_207' title='bbox 692 3329 804 3396; x_wconf 77' lang='lat' dir='ltr'><strong>soouri</strong></span> <span class='ocrx_word' id='word_1_208' title='bbox 826 3330 862 3394; x_wconf 89' lang='lat' dir='ltr'><strong>in</strong></span> <span class='ocrx_word' id='word_1_209' title='bbox 878 3329 989 3416; x_wconf 79' lang='lat' dir='ltr'><strong>capilo</strong></span> <span class='ocrx_word' id='word_1_210' title='bbox 1011 3337 1046 3394; x_wconf 77' lang='lat' dir='ltr'><strong>ri</strong></span> <span class='ocrx_word' id='word_1_211' title='bbox 1061 3329 1185 3396; x_wconf 76' lang='lat' dir='ltr'><strong>orrirlii</strong></span> <span class='ocrx_word' id='word_1_212' title='bbox 1209 3353 1304 3397; x_wconf 78' lang='lat' dir='ltr'><strong>oum.</strong></span> <span class='ocrx_word' id='word_1_213' title='bbox 1324 3331 1412 3411; x_wconf 81' lang='lat' dir='ltr'><strong>Quoi</strong></span> 
     </span>
     <span class='ocr_line' id='line_1_25' title="bbox 219 3444 1412 3526; baseline -0.003 -12"><span class='ocrx_word' id='word_1_214' title='bbox 219 3447 341 3515; x_wconf 78' lang='lat' dir='ltr'><strong>videns</strong></span> <span class='ocrx_word' id='word_1_215' title='bbox 362 3447 504 3526; x_wconf 68' lang='lat' dir='ltr'><strong>Asinus,</strong></span> <span class='ocrx_word' id='word_1_216' title='bbox 523 3446 747 3512; x_wconf 79' lang='lat' dir='ltr'><strong>ironmlarlns</strong></span> <span class='ocrx_word' id='word_1_217' title='bbox 769 3444 932 3515; x_wconf 81' lang='lat' dir='ltr'><strong>mulium,</strong></span> <span class='ocrx_word' id='word_1_218' title='bbox 952 3445 997 3509; x_wconf 87' lang='lat' dir='ltr'><strong>aii</strong></span> <span class='ocrx_word' id='word_1_219' title='bbox 1022 3446 1112 3511; x_wconf 89' lang='lat' dir='ltr'><strong>inira</strong></span> <span class='ocrx_word' id='word_1_220' title='bbox 1132 3467 1194 3511; x_wconf 77' lang='lat' dir='ltr'><strong>so:</strong></span> <span class='ocrx_word' id='word_1_221' title='bbox 1220 3446 1278 3512; x_wconf 77' lang='lat' dir='ltr'><strong>Es!</strong></span> <span class='ocrx_word' id='word_1_222' title='bbox 1301 3470 1344 3513; x_wconf 79' lang='lat' dir='ltr'><strong>no</strong></span> <span class='ocrx_word' id='word_1_223' title='bbox 1365 3446 1412 3512; x_wconf 78' lang='lat' dir='ltr'><strong>hir</strong></span> 
     </span>
     <span class='ocr_line' id='line_1_26' title="bbox 219 3559 1411 3653; baseline -0.004 -23"><span class='ocrx_word' id='word_1_224' title='bbox 219 3563 298 3630; x_wconf 82' lang='lat' dir='ltr'><strong>finis</strong></span> <span class='ocrx_word' id='word_1_225' title='bbox 319 3562 615 3653; x_wconf 72' lang='lat' dir='ltr'><strong>impinguarionis</strong></span> <span class='ocrx_word' id='word_1_226' title='bbox 637 3567 669 3627; x_wconf 80' lang='lat' dir='ltr'><strong>oi</strong></span> <span class='ocrx_word' id='word_1_227' title='bbox 690 3559 843 3650; x_wconf 82' lang='lat' dir='ltr'><strong>qniolis‘?</strong></span> <span class='ocrx_word' id='word_1_228' title='bbox 861 3560 958 3625; x_wconf 76' lang='lat' dir='ltr'><strong>Corio</strong></span> <span class='ocrx_word' id='word_1_229' title='bbox 980 3561 1070 3625; x_wconf 86' lang='lat' dir='ltr'><strong>malo</strong></span> <span class='ocrx_word' id='word_1_230' title='bbox 1094 3560 1253 3628; x_wconf 76' lang='lat' dir='ltr'><strong>laborare</strong></span> <span class='ocrx_word' id='word_1_231' title='bbox 1277 3571 1311 3629; x_wconf 84' lang='lat' dir='ltr'><strong>oi</strong></span> <span class='ocrx_word' id='word_1_232' title='bbox 1325 3585 1411 3628; x_wconf 78' lang='lat' dir='ltr'><strong>mou·</strong></span> 
     </span>
    </p>
   </div>
   <div class='ocr_carea' id='block_1_7' title="bbox 218 3676 1410 4204">
    <p class='ocr_par' dir='ltr' id='par_1_7' title="bbox 218 3676 1410 4204">
     <span class='ocr_line' id='line_1_27' title="bbox 219 3676 1410 3768; baseline -0.005 -24"><span class='ocrx_word' id='word_1_233' title='bbox 219 3680 365 3768; x_wconf 83' lang='lat' dir='ltr'><strong>prislino</strong></span> <span class='ocrx_word' id='word_1_234' title='bbox 387 3679 490 3767; x_wconf 75' lang='lat' dir='ltr'><strong>pasci.</strong></span> <span class='ocrx_word' id='word_1_235' title='bbox 516 3679 556 3745; x_wconf 76' lang='lat' dir='ltr'><strong>iit</strong></span> <span class='ocrx_word' id='word_1_236' title='bbox 580 3678 694 3743; x_wconf 85' lang='lat' dir='ltr'><strong>sialim</strong></span> <span class='ocrx_word' id='word_1_237' title='bbox 723 3677 832 3743; x_wconf 79' lang='lat' dir='ltr'><strong>oxiuii</strong></span> <span class='ocrx_word' id='word_1_238' title='bbox 859 3677 1063 3745; x_wconf 83' lang='lat' dir='ltr'><strong>incuriam.</strong></span> <span class='ocrx_word' id='word_1_239' title='bbox 1087 3676 1219 3743; x_wconf 81' lang='lat' dir='ltr'><strong>salinus</strong></span> <span class='ocrx_word' id='word_1_240' title='bbox 1240 3684 1274 3743; x_wconf 79' lang='lat' dir='ltr'><strong>oi</strong></span> <span class='ocrx_word' id='word_1_241' title='bbox 1291 3677 1410 3743; x_wconf 71' lang='lat' dir='ltr'><strong>rodon&gt;</strong></span> 
     </span>
     <span class='ocr_line' id='line_1_28' title="bbox 218 3791 1223 3861; baseline -0.001 0"><span class='ocrx_word' id='word_1_242' title='bbox 218 3816 333 3861; x_wconf 87' lang='lat' dir='ltr'><strong>coram</strong></span> <span class='ocrx_word' id='word_1_243' title='bbox 356 3793 503 3860; x_wconf 85' lang='lat' dir='ltr'><strong>liomino</strong></span> <span class='ocrx_word' id='word_1_244' title='bbox 524 3817 598 3859; x_wconf 85' lang='lat' dir='ltr'><strong>suo.</strong></span> <span class='ocrx_word' id='word_1_245' title='bbox 622 3793 664 3858; x_wconf 85' lang='lat' dir='ltr'><strong>Ei</strong></span> <span class='ocrx_word' id='word_1_246' title='bbox 684 3792 732 3857; x_wconf 86' lang='lat' dir='ltr'><strong>sic</strong></span> <span class='ocrx_word' id='word_1_247' title='bbox 751 3791 932 3858; x_wconf 78' lang='lat' dir='ltr'><strong>rosiiiuius</strong></span> <span class='ocrx_word' id='word_1_248' title='bbox 946 3797 997 3857; x_wconf 79' lang='lat' dir='ltr'><strong>osi</strong></span> <span class='ocrx_word' id='word_1_249' title='bbox 1013 3816 1074 3858; x_wconf 69' lang='lat' dir='ltr'><strong>¹suo</strong></span> <span class='ocrx_word' id='word_1_250' title='bbox 1095 3792 1223 3860; x_wconf 82' lang='lat' dir='ltr'><strong>ollirio.</strong></span> 
     </span>
     <span class='ocr_line' id='line_1_29' title="bbox 461 3989 1180 4059; baseline -0.003 -16"><span class='ocrx_word' id='word_1_251' title='bbox 461 3991 593 4043; x_wconf 70' lang='lat' dir='ltr'><strong>xxxii.</strong></span> <span class='ocrx_word' id='word_1_252' title='bbox 624 4019 659 4027; x_wconf 78' lang='lat'><em>-</em></span> <span class='ocrx_word' id='word_1_253' title='bbox 687 3989 856 4059; x_wconf 50' lang='lat' dir='ltr'><strong>ranerii</strong></span> <span class='ocrx_word' id='word_1_254' title='bbox 890 3989 1180 4057; x_wconf 69' lang='lat' dir='ltr'><strong>nrm.·nn·1·:&#39;r·i.;</strong></span> 
     </span>
     <span class='ocr_line' id='line_1_30' title="bbox 636 4133 991 4204; baseline -0.008 -12"><span class='ocrx_word' id='word_1_255' title='bbox 636 4137 688 4192; x_wconf 86' lang='lat' dir='ltr'><strong>De</strong></span> <span class='ocrx_word' id='word_1_256' title='bbox 710 4133 991 4204; x_wconf 73' lang='lat' dir='ltr'><strong>ingratitudine.</strong></span> 
     </span>
    </p>
   </div>
   <div class='ocr_carea' id='block_1_8' title="bbox 216 4279 1401 4487">
    <p class='ocr_par' dir='ltr' id='par_1_8' title="bbox 216 4279 1401 4487">
     <span class='ocr_line' id='line_1_31' title="bbox 230 4279 1401 4372; baseline 0.002 -24"><span class='ocrx_word' id='word_1_257' title='bbox 230 4304 233 4309; x_wconf 85' lang='lat'><em>·</em></span> <span class='ocrx_word' id='word_1_258' title='bbox 283 4285 412 4350; x_wconf 71' lang='lat' dir='ltr'><strong>(lunula</strong></span> <span class='ocrx_word' id='word_1_259' title='bbox 443 4283 557 4372; x_wconf 86' lang='lat' dir='ltr'><strong>posuii</strong></span> <span class='ocrx_word' id='word_1_260' title='bbox 586 4304 692 4348; x_wconf 89' lang='lat' dir='ltr'><strong>onum</strong></span> <span class='ocrx_word' id='word_1_261' title='bbox 718 4279 878 4346; x_wconf 80' lang='lat' dir='ltr'><strong>suumin</strong></span> <span class='ocrx_word' id='word_1_262' title='bbox 904 4279 985 4346; x_wconf 76' lang='lat' dir='ltr'><strong>niilo</strong></span> <span class='ocrx_word' id='word_1_263' title='bbox 1009 4281 1172 4348; x_wconf 75' lang='lat' dir='ltr'><strong>liurnoio.</strong></span> <span class='ocrx_word' id='word_1_264' title='bbox 1200 4285 1349 4351; x_wconf 77' lang='lat' dir='ltr'><strong>limnoia</strong></span> <span class='ocrx_word' id='word_1_265' title='bbox 1370 4304 1401 4344; x_wconf 76' lang='lat' dir='ltr'><strong>rx</strong></span> 
     </span>
     <span class='ocr_line' id='line_1_32' title="bbox 216 4395 1398 4487; baseline -0.006 -22"><span class='ocrx_word' id='word_1_266' title='bbox 216 4421 283 4465; x_wconf 89' lang='lat' dir='ltr'><strong>ouo</strong></span> <span class='ocrx_word' id='word_1_267' title='bbox 297 4400 358 4466; x_wconf 95' lang='lat' dir='ltr'><strong>illo</strong></span> <span class='ocrx_word' id='word_1_268' title='bbox 374 4398 533 4466; x_wconf 85' lang='lat' dir='ltr'><strong>cubando</strong></span> <span class='ocrx_word' id='word_1_269' title='bbox 551 4396 713 4486; x_wconf 79' lang='lat' dir='ltr'><strong>produxit</strong></span> <span class='ocrx_word' id='word_1_270' title='bbox 728 4395 878 4485; x_wconf 81' lang='lat' dir='ltr'><strong>pullum.</strong></span> <span class='ocrx_word' id='word_1_271' title='bbox 892 4401 925 4460; x_wconf 76' lang='lat' dir='ltr'><strong>ri</strong></span> <span class='ocrx_word' id='word_1_272' title='bbox 941 4398 1090 4463; x_wconf 83' lang='lat' dir='ltr'><strong>nnirinil</strong></span> <span class='ocrx_word' id='word_1_273' title='bbox 1106 4405 1274 4487; x_wconf 79' lang='lat' dir='ltr'><strong>{anquam</strong></span> <span class='ocrx_word' id='word_1_274' title='bbox 1297 4419 1398 4465; x_wconf 85' lang='lat' dir='ltr'><strong>sunm.</strong></span> 
     </span>
    </p>
   </div>
   <div class='ocr_carea' id='block_1_9' title="bbox 271 4567 571 4637">
    <p class='ocr_par' dir='ltr' id='par_1_9' title="bbox 271 4567 571 4637">
     <span class='ocr_line' id='line_1_33' title="bbox 271 4567 571 4637; baseline 0.007 -17"><span class='ocrx_word' id='word_1_275' title='bbox 271 4568 308 4637; x_wconf 80' lang='lat' dir='ltr'><strong>(i)</strong></span> <span class='ocrx_word' id='word_1_276' title='bbox 330 4567 430 4622; x_wconf 76' lang='lat' dir='ltr'><strong>lisoz:</strong></span> <span class='ocrx_word' id='word_1_277' title='bbox 450 4569 571 4636; x_wconf 71' lang='lat' dir='ltr'><strong>lorqr&#39;ris.</strong></span> 
     </span>
    </p>
   </div>
   <div class='ocr_carea' id='block_1_10' title="bbox 0 0 1640 5626">
    <p class='ocr_par' dir='ltr' id='par_1_10' title="bbox 0 0 1640 5626">
     <span class='ocr_line' id='line_1_34' title="bbox 0 0 1640 5626; baseline 0 0"><span class='ocrx_word' id='word_1_278' title='bbox 0 0 1640 5626; x_wconf 95' lang='lat' dir='ltr'><strong> </strong></span> 
     </span>
    </p>
   </div>
  </div>
 </body>
</html>
