3270 5626
308 479 459 532 ODONlS
475 470 545 545 ,Du'
561 480 778 532 cumaena
798 481 1043 533 PARABOLAE.
1229 483 1275 534 289

172 715 232 770 ex.
252 746 288 755 -
314 715 363 770 nn
391 714 472 770 ava
499 714 588 780 oua
616 715 783 771 nimina
812 716 1029 776 relucens
1058 716 1104 771 os
1131 718 1179 788 (a).

142 883 311 953 Diabolus
327 905 415 974 quos
429 904 500 952 non
514 888 630 973 potest
647 905 710 973 per
724 883 900 951 luxuriam
921 885 978 952 uel
994 885 1063 953 alio
1077 885 1180 955 modo
1196 884 1279 955 edu-

73 1024 167 1085 cere,
190 1022 252 1090 per
271 998 470 1090 superbiam
485 997 628 1067 uincere
649 998 883 1081 machinatur,
901 1000 992 1068 sieut
1011 1001 1087 1069 auis
1103 1024 1170 1092 que
1193 1001 1280 1070 dici-

75 1124 134 1185 tur
161 1117 329 1207 frangens
352 1137 404 1196 os,
432 1136 501 1206 que
529 1130 607 1183 oss'a
629 1113 785 1183 denerat.
813 1114 958 1196 Quando
985 1138 1048 1184 suo
1071 1123 1183 1184 rostro
1207 1140 1279 1185 non

74 1236 190 1323 potest
211 1254 250 1299 os
268 1231 444 1321 frangere,
466 1230 628 1297 inultum
648 1252 687 1297 os
708 1236 822 1318 portat
837 1236 870 1298 et
892 1253 997 1320 super
1011 1253 1134 1322 rupem
1157 1233 1280 1303 eadere

72 1347 257 1438 permittit,
275 1354 315 1414 ut
328 1345 379 1413 sie
393 1345 588 1434 frangatur.

289 1587 363 1643 lxi.
387 1617 423 1628 -
451 1587 503 1642 DE
532 1587 613 1642 ΗΕ
642 1587 789 1642 SANCTI
818 1587 991 1643 MARTlNI
1019 1588 1065 1661 (2).

145 1758 234 1826 ltcm
251 1757 342 1846 [auis
362 1757 474 1824 sancti
499 1755 669 1844 Martinss,
690 1755 830 1846 quando
851 1779 922 1823 non
940 1762 1052 1846 potest
1072 1759 1281 1848 pisciculum

77 1875 287 1942 infratestas
297 1871 475 1940 inclusum
489 1870 629 1953 habere,
640 1871 677 1938 in
693 1870 803 1938 altum
820 1871 945 1952 eleuat,
963 1880 996 1940 et
1011 1894 1116 1963 super
1130 1873 1281 1962 lapidem

84 1989 208 2060 eadere
224 1988 430 2079 permittens
445 1994 552 2055 testas
566 1987 698 2078 frangit
712 1992 747 2055 ct
760 1988 891 2077 piscem
911 1986 1066 2055 deuorat.

145 2105 320 2174 Similiter
333 2102 376 2172 de
391 2109 529 2171 tortuea
544 2103 617 2194 (sic)
634 2108 670 2170 et
687 2101 729 2170 de
745 2101 931 2171 testudine.

142 2220 200 2290 Sic
216 2243 278 2312 per
297 2219 455 2288 diuersas
476 2217 666 2309 dignitates
688 2215 832 2309 quidam
853 2241 963 2309 prauo
983 2220 1132 2288 artificio
1151 2219 1281 2295 diaboli

81 2339 283 2420 eleuantur3
301 2335 361 2404 sed
376 2334 480 2403 faciet
493 2356 553 2402 eos
568 2356 669 2402 ruere
685 2356 790 2425 super
800 2335 906 2402 talem
922 2335 1074 2427 lapidem
1091 2337 1127 2402 in
1143 2337 1281 2405 inferno

81 2453 175 2546 quod
190 2451 481 2544 dissipabuntlur]
503 2450 623 2518 onmia
636 2472 716 2518 ossa
731 2473 864 2518 eorum.

265 2694 360 2748 lllll.
384 2723 420 2734 -
442 2693 494 2749 DE
522 2693 739 2750 naculum
768 2694 815 2749 ET
842 2693 1021 2756 DlABOLO
1046 2693 1092 2766 (3).

144 2852 299 2924 Rediens
317 2851 361 2921 ad
376 2852 501 2921 cellam
523 2851 674 2943 quadam
689 2852 746 2921 die
763 2853 972 2938 llachariuS,
990 2855 1142 2922 occurrit
1157 2856 1188 2922 ci
1209 2854 1283 2923 dia-

79 2970 181 3040 bolus
197 2992 278 3038 cum
298 2968 385 3036 falce
399 2968 525 3036 uolens
545 2990 626 3036 eum
645 2967 855 3052 interficere,
874 2977 909 3037 et
930 2978 1111 3059 percutere
1133 2972 1193 3061 (et)
1211 2993 1282 3039 non

80 3087 193 3178 potuit
205 3107 298 3154 eum.
316 3083 384 3166 Qui
398 3084 447 3152 ait
468 3104 476 3151 ε
497 3082 645 3151 Multam
661 3084 876 3152 uiolenciam
892 3085 1011 3176 pacior
1025 3109 1045 3154 a
1059 3092 1105 3169 te,
1123 3087 1206 3177 quia
1218 3086 1283 3154 tibi

80 3225 150 3270 non
169 3222 314 3293 possum
335 3199 528 3291 preualere.
556 3198 606 3266 'lu
631 3198 771 3268 ieiunas
791 3208 825 3268 et
849 3223 931 3292 ego‚.
947 3208 984 3269 tu
1009 3200 1137 3293 uigilas
1162 3209 1196 3270 et
1219 3226 1282 3294 ego

81 3341 151 3387 non
173 3316 323 3385 dormio.
345 3315 385 3383 ln
402 3336 474 3383 uno
497 3314 572 3384 solo
595 3337 651 3384 me
672 3296 829 3404 superas,
847 3316 884 3384 in
909 3315 1122 3399 humilitate,
1143 3326 1285 3409 propter

81 3431 174 3524 quod
195 3454 266 3501 non
281 3452 424 3522 possum
438 3429 573 3520 aliquid
593 3429 781 3498 aduersum
801 3439 847 3499 te.

262 3671 376 3728 LXlll.
407 3702 442 3712 -
469 3671 521 3727 DE
550 3670 721 3737 Quonam
750 3672 1082 3730 ARClllliPlSthl‘O

512 3769 561 3824 ΕΤ
587 3769 765 3825 alneolo
797 3769 846 3841 (l.

145 3928 315 3999 Diabolua
327 3929 364 3998 in
378 3928 493 4020 specie
508 3927 662 3997 hominis
677 3951 739 4019 per
753 3929 928 4020 quendam
945 3933 1084 4024 layeum
1100 3936 1195 4004 misit
1209 3940 1282 4007 cui-

91 4042 163 4113 dam
178 4044 440 4136 archiepiscopo
461 4043 546 4113 tales
569 4043 700 4112 salutes
722 4067 729 4113 :
753 4045 920 4137 Princeps
940 4048 1164 4120 tenebrarum
1188 4055 1282 4143 prin-

135 4215 173 4287 (Ι)
188 4216 281 4270 lltme
294 4230 425 4270 sermon.

137 4302 173 4373 (ἢ)
189 4304 281 4359 lleme
296 4319 425 4360 sermon.

138 4392 173 4462 (3)
190 4393 282 4448 lltme
295 4408 424 4448 sermon.

139 4480 175 4551 ll)
190 4481 334 4537 mutam
353 4483 397 4537 .t·.
415 4487 478 4552 post
493 4480 616 4536 octabam
630 4480 741 4548 Pacete,
757 4481 903 4537 tacendum
916 4485 1073 4556 lolconcm,
1091 4498 1144 4544 .c⁰.
1165 4521 1201 4531 -
1223 4492 1280 4565 Ego

99 4577 151 4621 sun
164 4575 261 4638 pastor
270 4569 376 4627 bonus.

1129 4695 1251 4772 lt·
