3270 5626
445 506 597 558 ODONlS
624 507 677 559 DE
704 508 913 560 CERlTONA
940 506 1189 562 PARABOLAE.
1372 510 1416 559 219

282 652 323 719 Et
343 650 432 719 tales
451 672 548 718 more
569 649 760 719 bestiarum
781 653 952 732 ieiunant,
975 652 1048 741 qui,
1070 650 1107 716 in
1122 649 1201 717 aliis
1220 652 1324 719 uiciis
1340 649 1417 718 bes-

214 767 346 834 tialiter
360 767 537 848 uiuentes,
554 789 574 834 a
589 765 676 834 cibis
692 765 881 835 abstinent.
900 765 982 834 Plus
995 764 1090 833 ualet
1104 789 1124 834 a
1143 767 1245 834 uiciis
1262 767 1418 834 ieiunare

212 905 320 974 quam
335 906 355 950 a
374 882 474 951 cibis.

249 1089 387 1144 xxxvi.
411 1119 446 1128 -
471 1089 525 1143 ua
552 1089 734 1144 nrnuoco
761 1088 975 1143 suanasra
1006 1088 1162 1143 crrrnau
1188 1087 1383 1142 nouacno

598 1185 708 1252 ouon
733 1186 963 1241 surculam
987 1185 995 1258 (
1016 1185 1036 1256 ).

282 1328 449 1396 Diabolus
464 1329 502 1395 iu
527 1327 639 1419 specie
654 1328 771 1417 angeli
792 1328 880 1395 dixit
897 1327 1037 1396 cuidam
1057 1327 1229 1395 monacho
1245 1327 1339 1417 quod
1358 1349 1420 1417 per

217 1441 280 1534 viij
298 1444 353 1513 uel
373 1442 445 1534 viiij
464 1443 539 1512 dies
559 1444 743 1524 ieiunmet,
761 1444 845 1535 quia
864 1443 932 1511 cito
952 1443 1043 1510 mori
1063 1442 1184 1510 debuit
1202 1448 1238 1511 et
1254 1441 1420 1512 mundior

214 1559 259 1628 ad
274 1559 440 1628 celestem
455 1559 590 1628 curiam
605 1560 779 1627 transiret.
798 1558 989 1627 Monachus
1009 1581 1093 1626 uero
1108 1559 1252 1626 forsitan
1271 1581 1331 1648 per
1349 1558 1418 1627 tale

215 1676 391 1743 ieiunium
400 1680 472 1743 tam
482 1675 751 1765 animamquam
763 1697 889 1764 corpus
904 1674 1148 1757 interfecisset,
1159 1675 1221 1764 (et)
1230 1675 1299 1752 nisi
1313 1660 1437 1744 ahhas‘

214 1791 293 1858 eius
319 1790 459 1859 fatuum
480 1791 697 1880 propositum
720 1795 927 1859 reuocasset.
952 1788 1051 1857 Vnde
1068 1811 1130 1880 per
1148 1790 1282 1881 aliquot
1307 1814 1419 1860 annos

216 1913 339 1974 contra
355 1905 576 1974 mendacium
593 1904 734 1988 diaboli,
750 1912 870 1996 postea
889 1905 988 1973 uixit.

318 2112 471 2167 xxxvu.
491 2143 526 2152 -
546 2113 597 2166 na
628 2112 795 2178 ouoosu
823 2112 1015 2168 nouacuo
1043 2112 1088 2167 sc
1113 2113 1316 2168 saturans

626 2210 934 2265 rauracorum
952 2209 1000 2281 (a).

280 2353 397 2420 Amen
413 2350 490 2419 dico
510 2352 612 2420 uobis
630 2373 638 2420 :
654 2351 875 2442 Receperuut
896 2350 1092 2420 mercedem
1116 2374 1215 2420 suam
1232 2351 1291 2438 (3),
1310 2353 1345 2421 id
1365 2361 1417 2422 est

220 2467 363 2535 laudem
383 2489 488 2557 quam
504 2474 673 2557 querun13
694 2466 837 2557 insuper
855 2490 983 2558 ponam
1002 2472 1159 2536 eternam
1181 2468 1360 2559 recipient.

280 2581 379 2651 Vnde
400 2582 594 2651 monachus
614 2581 770 2674 quidam,
792 2583 853 2674 qui
874 2605 990 2651 eoram
1016 2581 1182 2651 fratribus
1202 2606 1238 2651 se
1259 2584 1416 2654 ieiunare

216 2698 439 2789 pretenderat
453 2699 584 2788 sepius,
598 2696 761 2767 laborans
772 2699 809 2766 in
820 2700 997 2779 extremis,
1012 2698 1192 2783 fratribus,
1205 2700 1266 2790 qui
1281 2699 1415 2791 aliquid

212 2813 362 2906 dignum
378 2815 548 2882 memoria
562 2813 685 2882 audire
701 2813 898 2904 sperabant,
916 2815 965 2881 ait
980 2834 987 2881 :
1002 2813 1147 2894 Quando
1162 2838 1218 2883 me
1233 2815 1414 2910 uobiscum

213 2931 372 2998 ieiunare
387 2928 593 3014 credebatis,
611 2930 745 2998 occulte
760 2928 996 3010 comedebam,
1010 2936 1045 2997 et
1056 2953 1149 2999 nunc
1160 2953 1239 3000 eece
1252 2930 1294 2999 ad
1309 2931 1415 3001 deuo·

214 3044 366 3114 randum
383 3045 551 3115 drachoni
564 3045 714 3114 traditus
732 3068 823 3113 sum.
842 3046 908 3126 Qui
926 3044 1036 3114 cauda
1054 3069 1117 3114 sua
1130 3068 1246 3137 genua
1262 3069 1340 3116 mea
1354 3072 1414 3139 pe-

214 3162 343 3250 desque
356 3156 550 3252 colligauit.
561 3160 680 3251 Capud
691 3183 794 3229 suum
806 3162 897 3228 intra
907 3183 946 3228 os
959 3183 1077 3229 meum
1088 3162 1244 3243 mittens,
1253 3163 1413 3252 spiritum
1457 3211 1464 3223 -

214 3299 333 3345 meum
349 3275 490 3345 ebibens
512 3275 692 3345 abstraxit.
710 3276 844 3358 Quibus
864 3276 979 3359 dictis,
998 3279 1116 3345 statim
1137 3278 1322 3346 defunctus
1347 3287 1409 3348 est.

277 3393 327 3460 Tu
349 3400 478 3474 autem,
494 3414 576 3461 cum
595 3393 744 3474 ieiunas,
763 3414 855 3482 unge
865 3390 978 3481 capud
994 3399 1095 3460 tuum
1113 3394 1299 3484 [interius],
1312 3395 1346 3462 id
1362 3403 1413 3464 est

214 3516 367 3576 mentem
388 3507 561 3597 spirituali
577 3508 699 3591 letitia,
721 3531 766 3575 ne
786 3506 939 3576 uidearis
960 3508 1164 3576 hominibus
1185 3511 1337 3594 ieiunus,
1353 3512 1412 3580 sed

214 3624 302 3713 patri
319 3630 381 3691 tuo
397 3622 549 3692 uidearis
565 3624 625 3714 qui
642 3630 694 3691 est
709 3624 746 3691 in
761 3622 976 3706 abscondito,
987 3623 1020 3690 id
1037 3630 1089 3692 est
1098 3624 1199 3693 corde
1215 3647 1278 3715 per
1292 3627 1408 3694 fidem.

310 3837 480 3893 xxxvlll.
508 3868 543 3878 -
571 3839 620 3892 DE
645 3838 814 3903 QUODAM
842 3838 979 3893 AVARO
1007 3840 1058 3892 nu
1084 3839 1308 3896 aurdanau

474 3936 615 3992 donau
640 3935 740 3991 VITAE
765 3937 846 3992 SUAE
872 3937 1076 3991 VENlENTE
1098 3937 1145 4008 tl).

278 4077 371 4145 Audi
407 4078 554 4146 fetorem
584 4078 743 4168 Gregorii
771 4079 808 4145 in
836 4078 1011 4170 Dialogo:
1042 4078 1203 4162 Quidam,
1231 4081 1267 4148 in
1289 4081 1410 4173 adqui-

215 4192 330 4261 rendis
354 4191 490 4261 diuitiis
514 4194 667 4263 auaricie
690 4193 843 4261 fascibus
863 4216 1040 4277 accensus,
1065 4195 1107 4262 ad
1128 4202 1324 4264 extremum
1348 4222 1409 4267 ue-

265 4337 302 4406 (l)
317 4337 411 4392 lfeme
427 4351 554 4392 sermon.

266 4425 305 4497 (2)
319 4426 413 4481 bieme
428 4441 558 4483 sermon.

270 4514 304 4584 lt)
317 4501 423 4586 E'vang.
440 4514 523 4570 selon
538 4515 565 4570 S.
583 4515 721 4581 Matbieu,
737 4517 767 4571 C.
784 4534 811 4584 v,
826 4534 850 4572 v.
869 4521 894 4583 2,
912 4522 927 4573 5
943 4524 971 4571 et
988 4521 1029 4573 lo.

266 4600 302 4674 (t)
318 4603 412 4659 Heme
426 4619 555 4659 sermon.
