3270 5626
218 475 264 525 296
450 471 601 523 ODONIS
626 471 677 522 DE
704 471 915 524 cumaena
939 469 1187 522 PARABOLAE.

318 688 441 743 χχχιχ,
472 719 506 728 -
534 688 585 742 nn
609 686 821 745 uunrnnae
851 686 1074 743 eannnnau
1102 680 1321 742 recensuri

674 785 891 841 ronranra
920 783 967 857 (χ).

284 962 456 1045 Quoniam
478 964 629 1052 operarii
655 985 715 1052 per·
736 968 844 1031 tetam
871 963 1103 1052 septimanam
1133 962 1171 1029 in
1196 961 1414 1033 officiosum

216 1079 325 1171 ligati,
340 1080 377 1146 in
392 1077 516 1146 dicbus
536 1079 634 1147 lestis
650 1100 712 1168 per
728 1079 905 1147 luxuriam
920 1083 956 1147 et
970 1077 1176 1146 ebrietatem
1187 1083 1222 1145 et
1242 1077 1314 1145 alia
1329 1077 1415 1146 uieia

215 1194 455 1263 resoluuntur.
472 1193 574 1262 Multi
595 1195 700 1261 etiam
720 1217 740 1262 a
760 1192 1029 1285 quadragesima
1051 1192 1195 1262 aniciis
1220 1198 1255 1260 et
1278 1192 1410 1261 deliciis

215 1309 462 1378 abstinuerunt
473 1310 530 1399 [et]
547 1310 750 1399 intempore
766 1308 933 1399 paschali,
946 1308 1034 1377 uisis
1050 1306 1216 1376 carnibus
1231 1314 1267 1376 et
1282 1309 1412 1377 ornatis

216 1424 437 1507 mulieribus,
455 1425 664 1493 recidiuant.
682 1425 781 1492 Tales
801 1425 935 1493 similes
954 1430 1037 1493 sunt
1056 1424 1231 1515 murilego
1246 1423 1309 1515 qui
1331 1422 1413 1492 didi·

214 1542 261 1609 cit
280 1541 460 1609 candelam
483 1562 664 1608 accensam
684 1547 835 1630 portare.
857 1538 937 1623 Sed,
958 1562 1039 1608 eum
1059 1539 1156 1608 uidet
1180 1561 1334 1623 murem,
1358 1540 1411 1608 lu·

215 1678 295 1724 men
316 1657 485 1746 relinquit
505 1662 539 1724 et
558 1678 696 1724 murem
717 1657 891 1746 sequitur.

282 1772 329 1838 De
349 1771 478 1840 talibus
496 1771 579 1839 dicit
599 1772 787 1862 Gregorius
809 1793 816 1840 :
839 1771 964 1839 Melius
990 1777 1043 1840 est
1066 1773 1104 1839 in
1126 1770 1253 1839 diebus
1277 1771 1412 1839 festiuis

214 1887 330 1956 federe
346 1889 403 1956 uel
424 1910 521 1955 arare
538 1911 644 1978 quam
660 1911 777 1957 coreas
793 1886 932 1956 ducere.

314 2138 429 2193 lxxx.
457 2169 491 2178 -
519 2137 568 2193 hl:
593 2137 774 2194 minoto
800 2137 1078 2194 TElllllFlChTO
1105 2138 1129 2192 Α
1154 2136 1329 2203 QUODAM

689 2236 868 2291 Elllildl'lh
893 2235 942 2307 (2).

282 2415 418 2481 Dicitur
430 2413 523 2504 quod
539 2415 698 2483 diabolus
713 2415 875 2505 apparuit
894 2412 1033 2482 cuidam
1050 2411 1233 2482 heremite.
1245 2413 1310 2481 Cui
1324 2411 1410 2480 dixit

215 2530 385 2598 heremita
402 2530 495 2621 quod
516 2531 702 2599 recederet.
723 2531 769 2597 ht
784 2531 843 2597 ille
862 2551 869 2597 :
891 2530 968 2598 Non
991 2529 1149 2598 recedam
1169 2551 1232 2619 pro
1253 2535 1300 2597 te.
1318 2528 1408 2596 Dixit

215 2644 409 2714 heremita:
428 2646 566 2714 Faciam
587 2645 651 2714 tibi
671 2647 850 2728 timorem;
873 2652 908 2714 et
927 2645 1081 2713 excussit
1098 2644 1314 2713 interiorem
1334 2666 1407 2734 par-

215 2768 285 2829 tem
308 2761 445 2851 pellicia
466 2785 533 2852 que
554 2760 619 2830 sub
640 2769 758 2831 mento
778 2761 933 2830 lacrimis
952 2761 1155 2852 frequenter
1174 2765 1249 2829 erat
1270 2760 1410 2851 irrigata

216 2882 250 2944 et
264 2879 447 2945 exsiccata.
465 2877 504 2943 Et
521 2876 640 2944 audito
655 2899 752 2960 sene,
771 2878 872 2967 quasi
892 2899 979 2966 puer
993 2876 1193 2955 exterritus,
1218 2875 1324 2966 fugit.

277 3126 407 3180 llxxxl.
437 3159 472 3166 -
500 3128 548 3180 nu
573 3128 746 3182 lULlANO
772 3127 988 3182 APOSTATA
1016 3127 1065 3181 ΕΤ
1092 3125 1275 3181 minoto
1304 3128 1352 3198 (t.

283 3303 440 3370 lulianus
453 3312 620 3394 apostata,
637 3328 717 3373 eum
734 3306 841 3372 uellet
855 3302 1065 3372 descendere
1083 3306 1117 3371 in
1130 3303 1312 3373 Persidam
1328 3305 1414 3393 (sie),

215 3419 312 3486 misit
336 3418 520 3487 demonem
541 3429 578 3487 ut
605 3423 669 3489 iret
694 3423 729 3489 in
749 3421 966 3489 occidentem
988 3428 1022 3488 et
1042 3422 1179 3488 afferret
1202 3442 1412 3510 responsum

215 3534 299 3625 quid
321 3536 477 3603 facturus
504 3545 604 3633 esset.
627 3537 712 3605 Cum
733 3543 850 3604 autem
868 3536 1023 3604 uenisset
1047 3538 1081 3603 in
1102 3535 1279 3626 quendam
1296 3536 1412 3604 locum

215 3650 276 3719 ubi
291 3658 363 3719 erat
380 3651 522 3743 quidam
539 3654 737 3744 religiosus,
760 3655 854 3720 stetit
876 3652 923 3721 ibi
941 3675 1001 3742 per
1020 3652 1139 3720 decem
1156 3651 1231 3719 dies
1248 3651 1415 3720 immobi-

216 3768 271 3850 lis,
289 3791 352 3836 nee
369 3775 500 3858 poterat
523 3770 681 3850 transire,
700 3769 782 3859 quia
799 3769 859 3836 ille
876 3775 1018 3836 sanctus
1038 3790 1109 3835 non
1129 3766 1289 3837 cessabat
1309 3778 1411 3837 nocte

215 3890 249 3952 et
270 3884 325 3952 die
345 3907 458 3952 erare.
487 3885 600 3964 erare
621 3907 783 3951 reuersus
803 3883 931 3952 demon
954 3884 1058 3952 rediit
1082 3885 1158 3950 sine
1190 3884 1330 3952 effectu,
1354 3883 1415 3952 Cui

216 4000 398 4068 lulianus:
424 4002 537 4081 Quare
560 4000 723 4067 tardasti?
743 3999 807 4079 Qui
834 4000 880 4067 ait
904 4022 910 4069 :
935 4001 1025 4081 Quia
1045 3998 1156 4066 nichil
1179 4000 1263 4066 leci.
1292 4000 1419 4068 lnueni

215 4117 309 4183 enim
326 4116 500 4206 quendam
518 4116 729 4183 monachum
746 4125 902 4183 orantem
919 4122 1018 4183 nocte
1030 4122 1062 4183 et
1078 4113 1145 4196 die,
1160 4121 1192 4182 et
1210 4113 1288 4183 idee
1304 4124 1416 4186 trans

268 4306 303 4372 (l)
315 4306 345 4358 ln
358 4305 491 4367 letheum,
506 4304 652 4359 serenatum
667 4305 793 4366 luelmm,
805 4306 871 4373 ..rj⁰.
882 4335 914 4343 —
924 4303 994 4368 Quis
1005 4311 1137 4358 uestrum
1150 4304 1273 4358 habebit
1283 4306 1415 4363 amicum

215 4398 243 4446 et
257 4392 310 4447 ihil
328 4395 363 4448 ad
379 4393 463 4448 illum
480 4396 577 4449 media
592 4393 698 4447 tracte?

268 4483 303 4553 (dt
320 4484 411 4536 hieme
426 4501 554 4538 serrncn.

268 4572 304 4642 (3)
321 4573 412 4627 lldme
426 4590 554 4628 sermon.
