3270 5626
735 511 923 564 FABULAE.
1380 513 1425 560 tta

216 678 343 725 omues
357 656 401 725 ad
416 678 505 747 quos
518 656 692 746 peruenit.
706 655 811 723 Tollit
824 655 920 722 enim
940 653 984 722 ah
999 653 1050 720 eis
1067 652 1207 744 proprie
1223 652 1425 742 fragilitatis

216 773 384 840 noticiam
409 778 444 840 et
463 769 584 840 diuina
609 770 809 840 seueritatis
838 770 1059 838 memoriam.
1080 766 1182 836 Vnde
1200 766 1289 835 bene
1315 767 1422 858 [dicit]

215 888 363 957 Genesis
382 911 428 954 xx
444 889 505 978 (t),
522 886 615 977 quod
632 886 814 955 Abimelec
828 885 924 954 dedit
939 907 1036 952 mare
1052 883 1100 973 (2)
1116 882 1215 951 mille
1235 890 1422 973 argenteos

218 1005 256 1071 in
276 1004 440 1072 velamen
465 1004 661 1071 oculorum.

402 1274 405 1279 ·
513 1252 589 1307 ιιιι.
619 1283 653 1292 -
683 1253 919 1322 [paterenus
948 1249 1128 1321 seruus]

667 1434 755 1493 Alta
775 1436 822 1492 de
843 1433 981 1493 eodem.

288 1616 438 1699 Quidam
462 1616 589 1685 nobilis
613 1615 737 1685 habuit
760 1614 936 1707 quendam
955 1616 1092 1684 fatuum
1119 1615 1263 1683 nomine
1288 1613 1422 1703 Philip-

220 1755 318 1824 pum,
341 1733 397 1801 cui
413 1731 509 1800 dedit
523 1756 592 1800 vna
611 1731 667 1800 die
688 1754 819 1800 nouam
842 1732 1012 1799 tunicam.
1029 1731 1161 1799 Fatuus
1178 1753 1262 1799 vero
1278 1729 1422 1797 indutus

220 1848 282 1916 illa
304 1849 436 1928 tunica,
453 1847 584 1916 oblitus
604 1849 660 1915 sui
683 1847 806 1937 ipsine,
824 1846 992 1915 discurrit
1011 1844 1053 1914 de
1074 1847 1155 1915 aula
1175 1847 1212 1913 in
1232 1867 1421 1927 cameram,

220 1962 261 2031 de
277 1986 416 2031 camera
435 1962 478 2031 ad
498 1964 699 2054 coquinam,
723 1969 758 2031 et
782 1962 831 2031 sic
852 1963 889 2030 in
911 1963 999 2029 alias
1019 1962 1190 2043 officinae,
1214 1961 1369 2029 olamans
1389 1967 1423 2028 et

220 2101 374 2170 querens
393 2101 414 2146 a
433 2079 590 2147 familia:
613 2077 678 2146 Vbi
699 2085 752 2146 est
767 2076 952 2167 Philippus
973 2078 1102 2160 fatuus,
1121 2099 1193 2145 non
1208 2098 1423 2168 cognoscens

221 2195 378 2287 seipsum
394 2201 534 2285 propter
545 2216 675 2263 nouam
691 2194 858 2261 tunicam.

286 2310 388 2379 Vnde
408 2311 569 2378 Psalmus
589 2310 632 2400 (3)
650 2331 657 2377 :
672 2309 796 2391 Home,
809 2331 891 2377 cum
908 2310 944 2375 in
965 2307 1098 2376 honore
1118 2313 1222 2390 esset,
1235 2329 1306 2376 non
1320 2307 1422 2373 intet-

220 2426 322 2509 lexit3
343 2431 564 2517 comparatus
584 2433 637 2494 est
656 2425 825 2493 iumentis
843 2424 1105 2516 insipientibus,
1123 2429 1188 2492 etc.

512 2677 604 2732 ιιιι.
631 2707 667 2716 -
694 2674 839 2747 [nunus
866 2672 1133 2744 sumnonem]

664 2858 755 2918 Alta
775 2860 820 2916 de
842 2859 980 2916 eodem.

288 3041 399 3108 Lusor·
416 3041 621 3110 Sceccorum
640 3040 754 3130 primo
774 3041 891 3109 educit
905 3062 1029 3109 omnes
1042 3063 1179 3108 scaccos
1194 3039 1236 3108 de
1246 3033 1424 3108 vnosac'co

208 3163 255 3224 'et
280 3163 359 3246 post
384 3156 528 3225 modum
558 3157 697 3225 ordinat
724 3162 836 3224 status
862 3179 997 3238 eorum,
1025 3156 1163 3247 aliquos
1186 3177 1323 3245 ponens
1348 3155 1423 3224 loco

222 3295 358 3363 regum,
381 3272 471 3340 alios
494 3273 570 3342 loco
595 3273 815 3363 reginerum,
831 3272 919 3341 alios
946 3272 1021 3341 loeo
1044 3272 1212 3356 militum,
1238 3272 1325 3341 alios
1348 3272 1424 3340 loco

226 3409 422 3477 pauperum
446 3390 608 3479 quisunt
628 3389 760 3477 pusitii,
782 3388 885 3456 etsie
907 3387 950 3456 de
969 3388 1066 3470 aliis;
1085 3394 1119 3455 et
1140 3386 1267 3455 deinde
1290 3387 1425 3456 luditur

221 3526 302 3571 cum
318 3504 390 3571 illis
405 3510 440 3572 et
453 3504 653 3595 quibusque
668 3504 884 3593 capitalium,
900 3504 1009 3573 donec
1025 3505 1161 3572 venerit
1174 3503 1421 3595 admat(h)am.

222 3618 322 3701 Quod
347 3642 426 3688 cum
451 3621 599 3701 venerit,
623 3642 747 3689 omnes
776 3618 1007 3688 recluduntur
1032 3620 1068 3687 in
1097 3619 1261 3688 eumdem
1283 3642 1423 3688 saccum

222 3736 299 3803 sine
321 3737 527 3825 accepcione
547 3742 580 3803 et
605 3735 814 3804 differentia.
833 3735 876 3803 Et
896 3736 936 3803 fit
951 3735 1158 3826 plerumque
1178 3741 1215 3802 vt
1229 3736 1291 3826 qui
1312 3736 1424 3803 exeis

223 3852 369 3919 maioris
383 3852 451 3920 fuit
466 3853 622 3919 nominis
642 3851 852 3942 profundius
866 3850 1065 3919 descendat.

289 3967 346 4034 Sic
366 3974 419 4034 est
433 3966 474 4035 de
488 3968 640 4057 presenti
657 3967 789 4036 mundo
808 3969 870 4059 qui
885 3989 1008 4035 omnes
1026 3965 1188 4034 homines
1207 3965 1369 4055 producit
1382 3966 1425 4035 de

221 4104 291 4149 sno
316 4087 439 4150 ventre
461 4088 563 4166 terre,
582 4089 617 4150 et
636 4091 714 4174 post
738 4083 883 4152 modum
899 4082 1040 4151 ordinat
1055 4088 1165 4150 status
1189 4103 1323 4164 eorum,
1336 4083 1425 4150 alios

222 4197 355 4265 taciens
371 4220 469 4289 reges
482 4204 515 4266 et
529 4200 680 4290 regines,
695 4199 783 4266 alios
800 4198 905 4267 ducos
920 4205 954 4266 et
970 4199 1112 4276 milites
1130 4197 1217 4265 alios
1231 4197 1425 4266 medioeres

277 4418 316 4491 (t)
334 4421 457 4485 Genese,
471 4425 502 4476 t).
519 4439 600 4488 xr,t·.
622 4427 663 4476 to.

277 4508 317 4579 (2)
337 4510 417 4565 Ainsi
431 4527 505 4582 pour
520 4512 603 4566 Surae.

277 4598 317 4668 (3)
329 4598 421 4669 Voyez
436 4615 558 4669 psaume
571 4617 664 4670 remu,
681 4617 707 4655 v.
725 4604 769 4656 21.
